2974 3877
198 279 333 334 psus
371 269 455 316 est
488 261 862 336 flagitiorum,
911 261 1157 316 invitum
1210 267 1443 314 externa
1489 256 1730 329 quadam
1780 262 2102 318 necessitate
2156 262 2439 337 delapsum
2478 264 2758 337 conspici-

196 375 323 412 mus
358 354 422 432 ¹).
500 358 722 428 Occidit
758 365 973 432 patrem
1013 365 1069 411 et
1106 373 1233 411 cum
1272 363 1450 408 matre
1493 353 1816 422 consuevit,
1861 363 2053 428 utpote
2094 363 2294 423 natus,
2347 374 2377 407 e
2414 356 2620 427 quibus
2656 374 2758 427 per

194 447 473 522 Apollinis
515 453 804 507 oraculum
842 452 995 506 nefas
1037 460 1154 505 erat
1189 447 1343 504 nasci
1384 448 1456 515 2).
1531 446 1641 500 Hic
1677 448 1816 502 ‘fons
1867 458 1974 517 est,
2025 468 2135 522 quo
2185 449 2438 503 derivata
2476 449 2657 503 clades
2695 449 2758 503 in

105 609 119 618 ..
198 541 476 614 Oedipum
513 553 796 615 totamque
834 543 1276 595 Labdacidarum
1315 544 1545 595 domum
1583 541 1770 603 fluxit,
1858 543 1985 599 Jam
2041 546 2198 598 vides
2245 564 2364 598 rem
2419 564 2636 598 omnem
2686 547 2757 599 ad

196 636 298 689 sati
332 637 451 690 vim
506 648 672 709 atque
722 646 1048 710 potestatem
1101 636 1318 703 redire,
1376 653 1448 690 ex
1503 653 1614 705 quo
1660 638 1966 690 secundum
2012 656 2360 691 communem
2415 638 2755 691 Graecorum

180 740 485 802 ‘poetarum
522 722 871 803 opinionem,
929 728 1041 802 jam
1078 749 1253 798 usque
1286 729 1354 780 ab
1396 728 1792 798 antiquissimis
1830 729 2177 801 temporibus
2218 731 2478 797 ductam,
2517 750 2605 783 res
2642 730 2754 783 hu-

191 840 386 876 manae
426 841 589 876 suum
629 841 877 893 quaeque
927 823 1182 875 ordinem
1220 821 1557 876 immutabili
1598 822 1716 893 lege
1755 842 2113 896 percurrere,
2169 823 2410 877 maxime
2449 842 2610 890 vere,
2654 824 2754 895 qui

189 914 279 986 jus
308 916 514 986 fasque,
555 917 772 971 divinas
794 916 1169 988 humanasque
1195 917 1491 987 religiones
1517 918 1837 987 violassent,
1878 917 2080 970 debitis
2104 917 2301 989 poenis
2332 916 2479 969 affici
2507 925 2561 969 et
2593 934 2753 969 coer-

192 1009 307 1063 ceri
357 1009 705 1065 dicebantur.
789 1009 953 1082 Lajus
1003 1011 1180 1078 enim,
1240 1014 1364 1083 qui,
1411 1013 1653 1084 quaein
1706 1013 1837 1065 fatis
1900 1021 2090 1079 erant,
2154 1030 2472 1082 quanquam
2521 1013 2748 1065 oraculo

190 1104 467 1175 Apollinis
504 1105 837 1176 significata,
888 1115 1072 1159 tamen
1110 1103 1455 1177 neglexerat,
1498 1117 1553 1162 et
1590 1127 1767 1178 genus
1806 1125 2009 1173 suum,
2052 1106 2206 1176 quod
2246 1106 2329 1158 dii
2369 1105 2605 1158 interire
2643 1124 2750 1158 vo-

188 1195 380 1249 lebant
409 1193 485 1269 ³),
517 1207 946 1270 propagaverat,
1001 1199 1218 1269 culpam
1274 1201 1479 1255 violata
1528 1202 1798 1272 religione
1851 1208 2195 1255 contractam
2232 1200 2470 1270 posteris
2520 1200 2633 1251 suis
2670 1201 2749 1253 ita

186 1291 419 1361 reliquit
456 1292 735 1359 luendam,
776 1301 842 1345 ut
881 1292 943 1343 in
980 1293 1191 1345 viscera
1229 1313 1324 1346 sua
1364 1296 1665 1349 saevientes
1702 1294 1806 1364 ipsi
1834 1283 1959 1345 sese
1997 1293 2068 1345 ad
2107 1293 2281 1363 gentis
2310 1292 2745 1346 internecionem

187 1404 365 1457 usque
409 1387 758 1465 conficerent,
840 1388 1009 1453 Quod
1054 1386 1173 1459 Laji
1220 1386 1507 1458 piaculum
1548 1406 1724 1456 quum
1778 1387 1889 1459 jam
1942 1386 2004 1438 in
2057 1386 2333 1456 Oedipum
2383 1386 2743 1451 redundaret,

183 1481 410 1534 fatalem
445 1491 685 1548 sortem,
728 1482 980 1553 quamvis
1019 1500 1230 1534 summa
1268 1500 1371 1552 ope
1411 1481 1827 1546 obluctaretur,
1868 1497 1985 1533 non
2020 1477 2239 1546 vitavit,
2278 1478 2376 1532 sed
2412 1496 2521 1549 quo
2562 1479 2743 1532 acrius

183 1574 490 1641 resistebat,
532 1593 594 1627 eo
637 1574 1018 1628 citius‘ess‘ecit
1056 1583 1120 1627 ut
1163 1576 1427 1629 eveniret.

413 1671 543 1737 Quo
584 1679 928 1741 quantopere
969 1669 1170 1740 Oedipi
1208 1670 1489 1722 calamitas
1527 1669 1752 1740 gravior
1794 1669 1864 1723 sit
1915 1670 2085 1738 sacta,
2140 1687 2257 1722 non
2294 1686 2510 1722 necesse
2547 1666 2739 1734 habeo,

184 1772 253 1817 ut
303 1763 563 1835 pluribus
614 1780 917 1836 exponam,
972 1762 1238 1831 quoniam
1289 1764 1351 1816 id
1392 1764 2057 1818 malum-acerbissimum
2108 1783 2221 1818 esse
2266 1772 2525 1834 apparet,
2582 1765 2741 1835 cujus

181 1877 254 1912 ne
305 1877 455 1929 spem
507 1856 732 1928 quidem
783 1856 1144 1911 declinandae
1193 1859 1263 1910 ob
1315 1858 1541 1912 fatalem
1586 1859 1868 1929 quandam
1906 1857 2422 1926 immutabilemque
2463 1857 2740 1908 constitu-

180 1951 392 2005 tionem
431 1951 592 2004 nobis
629 1950 883 2004 videmus
924 1969 1034 2004 esse
1071 1951 1322 2005 relictam
1354 1952 1423 2026 4).
1502 1953 1856 2024 Inquiramus
1891 1954 2095 2025 potiuS,
2136 1962 2203 2005 ut
2241 1972 2381 2022 quae
2421 1953 2488 2004 de
2519 1954 2736 2006 fabulae

175 2054 504 2116 argumento
541 2044 843 2099 habeamus
881 2045 1130 2114 dicenda,
1170 2048 1548 2114 absolvantur,
1590 2044 1839 2123 qualem
1884 2043 2181 2120 Oedipus,
2224 2063 2413 2120 quum
2449 2042 2729 2120 imperit),

181 2135 415 2214 opibus,
437 2133 655 2213 gloria
652 2134 938 2215 floreret,
972 2135 1352 2215 qualemque,
1372 2158 1560 2216 quum
1575 2139 1914 2203 calamitas
1929 2139 2069 2215 jam
2094 2140 2440 2214 ingrueret,
2471 2159 2534 2193 se
2535 2160 2735 2215 prae-

182 2231 403 2294 lmerit.
481 2233 620 2288 Inde
662 2234 824 2288 facile
879 2233 1077 2306 conjici
1130 2236 1364 2306 poterit,
1417 2254 1582 2306 quam
1623 2234 1741 2306 ejus
1778 2253 1957 2287 mores
1990 2234 2062 2287 ad
2100 2252 2384 2287 summum
2421 2234 2734 2303 tragoediae

177 2323 347 2384 finem
386 2336 730 2401 comparatos
766 2329 934 2382 fuisse
973 2329 1363 2389 existimemus,
1441 2332 1626 2400 Quae,
1679 2350 1845 2403 quam
1900 2331 2018 2403 ejus
2072 2331 2359 2382 notionem
2407 2327 2734 2382 Aristoteles

178 2423 244 2476 in
271 2416 430 2475 'libro
469 2423 539 2476 de
580 2432 698 2476 arte
730 2425 947 2494 poetica
983 2425 1253 2496 proponit
1278 2427 1353 2494 ⁵),
1394 2445 1572 2497 quum
1610 2445 1673 2481 eo
1711 2426 1990 2498 pertineat
2002 2434 2125 2493 ,ut
2159 2434 2364 2476 metum
2402 2423 2733 2494 spectatori-

176 2516 283 2570 bus
319 2514 538 2589 injiciat
576 2524 631 2568 et
667 2516 1110 2572 misericordiam
1140 2523 1403 2588 moveat,
1461 2519 1648 2573 nescio
1694 2529 1769 2572 'an
1809 2519 2101 2590 quisquam
2143 2519 2261 2590 ejus
2312 2517 2414 2568 fini
2454 2517 2625 2586 magis
2660 2518 2733 2568 sit

178 2622 373 2686 aptuS,
421 2631 588 2685 quam
628 2612 728 2682 qui
765 2613 1072 2685 levioribus
1111 2613 1337 2682 quidem
1385 2614 1618 2667 maculis
1656 2632 1908 2684 aspersus
1945 2603 2125 2666 cetera
2162 2629 2294 2665 vere
2334 2608 2579 2680 egregius
2618 2610 2730 2662 dici

177 2705 449 2781 queat‘).
528 2707 707 2774 Nam,
759 2693 837 2759 ut*
866 2706 1017 2759 omni
1056 2707 1218 2777 culpa
1257 2728 1499 2761 vacuum
1537 2710 1858 2763 omittamus
1879 2750 1894 2776 ‚
1957 2708 2004 2762 si
2040 2707 2207 2760 homo
2246 2707 2452 2774 malus,
2505 2707 2729 2775 stultus,

173 2800 411 2873 ignavus
446 2801 750 2856 calamitati
786 2800 1125 2868 succumbit,
1176 2801 1262 2853 nil
1314 2804 1617 2858 admodum
1654 2804 1792 2857 moti
1831 2803 1950 2875 ejus
1988 2802 2282 2856 interitum
2321 2801 2383 2853 in
2422 2799 2596 2853 animi
2634 2800 2728 2852 in-

174 2894 434 2965 geniique
468 2894 838 2967 pravitatem,
877 2895 969 2948 vel
1006 2894 1445 2952 imbecillitatem
1483 2901 1737 2954 conferre
1780 2900 2018 2953 solemus
2031 2918 2046 2966 3
2097 2898 2183 2949 sin
2224 2915 2356 2949 vero
2395 2896 2584 2948 virum
2620 2897 2728 2948 bo·

171 3008 315 3043 num
352 2999 408 3043 et
439 2991 775 3060 prudentem
814 3000 870 3045 et
905 2993 1102 3047 fortem
1141 2993 1232 3048 vel
1270 2994 1341 3049 ob
1379 2995 1603 3068 culpam
1639 2993 1937 3065 majorum,
1973 2991 2067 3046 vel
2105 2989 2256 3061 quod
2295 2989 2363 3041 ab
2402 2986 2727 3041 infirmitate

242 3159 283 3219 ι)
329 3162 463 3211 Oed.
510 3162 623 3213 Col.
665 3164 772 3215 273
805 3166 909 3215 ’νῦν
949 3161 996 3216 δ’
997 3162 1158 3218 οὐδὲν
1197 3165 1350 3225 εἰδώς
1394 3166 1600 3234 ἱκόμην,
1647 3162 1718 3218 ἵν’
1762 3161 1969 3225 ἱκόμην.
2032 3159 2079 3221 2)
2128 3159 2259 3211 Oed.
2290 3160 2353 3207 R.
2388 3157 2540 3207 1184.
2582 3150 2727 3212 ὅστίς

246 3256 261 3265 ’
294 3241 573 3308 newsum
606 3245 715 3311 φύς
746 3243 890 3309 ’τάφ’
920 3240 1000 3299 ὦν
1031 3247 1099 3300 οὐ
1121 3254 1270 3315 χρῆν.
1322 3250 1362 3311 ³)
1396 3252 1522 3303 oea.
1549 3255 1614 3302 R.
1645 3246 1950 3302 ‘nl—714.
1983 3244 2051 3292 cf.
2077 3240 2310 3304 Aeschyi.
2342 3254 2389 3286 c.
2422 3239 2586 3287 Theb.
2618 3240 2724 3289 ⁷42

195 3323 202 3331 ‘
292 3349 358 3363 -
378 3319 491 3379 ‘7⁵3
528 3328 618 3377 edi
643 3330 822 3379 momf.
851 3326 1087 3394 euripid.
1120 3333 1309 3384 Phoen.
1339 3335 1424 3385 ει.
1456 3335 1694 3397 sponoe.
1727 3333 1779 3391 a,
1811 3331 1863 3386 5,
1893 3330 1946 3379 τ.
2009 3323 2056 3382 ⁴)
2090 3325 2369 3371 Hermann·
2402 3321 2469 3369 ad
2500 3321 2722 3371 Philoct-

289 3413 456 3475 praef.
486 3428 540 3474 p.
569 3414 679 3461 XII.
747 3409 787 3471 δ)
818 3413 1023 3462 Aristol.
1057 3414 1122 3461 de
1153 3424 1248 3466 art.
1279 3427 1417 3480 poet.
1452 3435 1496 3467 c.
1524 3419 1591 3468 13
1625 3425 1677 3464 et
1706 3416 1774 3464 2⁷
1806 3412 1872 3459 cf.
1906 3408 2137 3468 Lessing.
2174 3404 2362 3452 Hamb.
2388 3403 2722 3466 Dramaturg.

289 3488 386 3541 Nrss'
415 3491 636 3541 LXXIV·
668 3506 812 3555 Seqq·
873 3489 918 3551 ⁶)
951 3495 1158 3546 Aristol.
1189 3496 1227 3546 l.
1260 3500 1296 3549 l.
1332 3516 1378 3549 c.
1412 3498 1498 3550 25.
1531 3498 1760 3558 Lessing.
1794 3493 1833 3543 l.
1863 3491 1901 3542 l.
1932 3486 2173 3538 LXXXII.
2477 3522 2483 3526 -
