2974 3877
1240 100 1655 159 -5-

162 248 333 308 rabili
382 252 501 323 lege
538 253 910 308 constrictum
960 262 1016 309 et
1053 251 1233 306 libero
1274 251 1559 323 cogitandi
1597 257 1905 330 agendique
1944 251 2199 315 arbitrio*
2217 260 2501 333 privatum
2556 273 2727 330 pror-

89 339 92 342 ·
160 346 572 418 aus-insontem
616 367 820 421 poenas
861 347 1104 415 dedisse,
1168 354 1224 401 et
1259 345 1438 400 fatum
1477 365 1594 400 non
1631 371 1817 407 severe
1855 352 2056 420 modo,
2110 352 2206 406 sed
2259 351 2466 424 injuste
2517 350 2723 407 fecisse.

162 443 322 510 Quae
360 443 582 516 opinio,
621 444 670 498 si
707 442 834 514 quis
866 461 987 498 eam
1028 442 1359 514 conciperet,
1397 441 1561 512 longe
1601 444 1667 496 ab
1710 464 1770 498 ea
1807 446 1909 500 sati
1947 445 2177 500 notione
2216 428 2514 509 recederet,
2556 459 2719 512 quam

158 545 374 594 veteres
409 539 607 594 animis
645 541 1001 594 informatam
1036 536 1329 613 habebant.
1408 536 1565 591 Licet
1598 540 1743 593 enim
1785 560 2148 613 quaecunque
2185 541 2404 608 fierent,
2444 539 2554 591 sato
2595 537 2718 591 fieri

158 635 445 706 dicerent,
496 645 687 691 tamen
744 636 807 690 in
855 635 1168 690 definienda
1211 630 1327 705 ejus
1379 632 1439 686 vi
1494 652 1557 686 ac
1599 644 1869 705 potestate
1921 635 2027 688 sibi
2064 653 2180 690 non
2223 640 2502 697 constare,
2549 649 2717 701 quam

158 729 372 783 animos
409 747 634 801 quoque
671 731 785 783 sato
829 728 1113 783 devincire
1149 727 1446 789 malebant.
1492 728 1639 782 ·Hos
1692 739 1914 783 tantum
1958 730 2151 783 aberat
2190 737 2255 781 111
2308 747 2341 783 a
2398 725 2557 778 fatali
2613 743 2715 778 ne-

157 825 405 879 cessitate
447 825 867 897 suspenderent,
926 832 995 877 111
1051 823 1121 877 ad
1161 840 1357 876 eorum
1394 832 1606 891 11101113,
1665 842 1807 894 91103
1844 823 2196 878 voluntarios
2233 837 2343 875 esse
2387 817 2713 884 sentiebant,

158 926 447 970 externam
485 937 707 971 causam
749 935 864 970 11011
902 914 1252 985 requirerent
1284 916 1344 985 1),
1387 918 1483 971 sed
1519 919 1765 972 consiliis
1802 938 1993 972 rerum
2031 917 2401 988 gerendarum
2438 914 2500 966 111
2537 913 2714 965 libero

155 1009 400 1065 hominis
434 1013 669 1067 arbitrio
709 1013 903 1085 positis
956 1021 1217 1066 eventum
1265 1013 1446 1067 solum
1488 1014 1853 1067 consiliorum
1892 1013 1959 1064 ab
2000 1019 2221 1066 aeterna
2264 1006 2714 1076 immutabilique

155 1106 555 1170 constitutione
595 1107 933 1164 derivarent.
1019 1106 1209 1177 Neque
1257 1108 1427 1179 magis
1478 1108 1654 1163 satum
1691 1106 1997 1182 injustitiae
2046 1105 2377 1160 insimulare
2415 1100 2708 1159 audebant.

152 1200 281 1255 Sive
319 1200 467 1254 enim
504 1201 652 1273 ipsos
690 1202 820 1255 deos
857 1202 935 1254 ita
973 1201 1073 1254 fati
1123 1201 1240 1272 lege
1280 1203 1729 1274 obstringebaut,
1786 1213 1854 1258 ut
1889 1202 1985 1271 hi,
2040 1220 2181 1273 quae
2230 1200 2328 1254 lex
2377 1199 2483 1251 ista
2522 1197 2709 1259 ferret,

154 1291 320 1348 etiam
357 1293 529 1348 inviti
565 1294 711 1349 velle
749 1303 803 1348 et
841 1294 1057 1349 ess'icere
1096 1294 1376 1364 deberent,
1418 1295 1532 1352 sive
1571 1298 1747 1353 fatum
1786 1299 1867 1352 ita
1908 1298 2137 1352 deorum
2177 1292 2436 1366 potestati
2473 1289 2709 1365 permit-

152 1391 371 1460 tebant,
416 1401 483 1444 ut
522 1411 686 1462 quam
724 1392 831 1463 ipsi
867 1391 1217 1464 scripsissent.
1251 1409 1444 1444 rerum
1480 1391 1853 1446 humanarum
1893 1390 2328 1457 divinarumque
2375 1385 2567 1454 legem,
2612 1399 2708 1434 sua

152 1484 214 1539 vi
251 1485 591 1539 sustinerent
631 1493 685 1539 et
733 1485 982 1540 volentes
1030 1497 1421 1559 sequerentur,
1473 1507 1660 1544 omnes
1711 1487 2151 1553 consentiebant,
2205 1482 2347 1536 male
2397 1479 2707 1553 injusteque

153 1583 298 1635 iacta
334 1591 402 1636 ut
438 1583 501 1635 in
539 1583 702 1652 (1003,
753 1582 834 1635 110
874 1581 941 1637 ‘in
984 1585 1159 1637 satum
1193 1584 1445 1638 conferre
1494 1603 1605 1639 esse
1643 1585 1797 1638 nefas
1842 1583 1917 1655 2).
1994 1582 2038 1633 F
2043 1580 2121 1633 ati
2157 1579 2332 1650 igitur
2378 1584 2578 1628 sortem
2610 1573 2705 1644 ju·-

150 1683 291 1729 stam
330 1695 531 1748 aeque,
572 1685 737 1749 atque
776 1677 1157 1731 inviolabilem
1203 1699 1312 1734 esse
1350 1682 1636 1754 persuasi,
1694 1681 1916 1734 fatalem
1955 1695 2195 1751 poenam
2233 1672 2343 1726 nisi
2395 1690 2424 1722 a
2471 1667 2706 1722 scelestis

149 1791 267 1827 non
303 1777 482 1847 repeti
523 1774 931 1833 existimabant
1007 1775 1273 1829 Scelestos
1311 1795 1444 1830 vero
1487 1777 1753 1848 fatalique
1791 1793 1967 1847 poena
2023 1771 2217 1842 dignos
2265 1785 2382 1820 non
2434 1783 2524 1817 eos
2562 1760 2705 1814 solos

148 1868 462 1939 habebant,
503 1871 603 1943 qui
638 1871 746 1942 ipsi
791 1867 1133 1941 scientesque
1169 1872 1257 1943 J'us
1296 1872 1488 1942 fasque
1526 1872 1838 1936 violarant,
1879 1884 2053 1938 eoque
2092 1863 2326 1918 demum
2363 1858 2507 1912 iram
2550 1853 2703 1908 exci-

149 1973 369 2034 tarant,
418 1966 512 2030 sed
549 1963 654 2019 1103
693 1983 949 2036 91109110,
1003 1984 1242 2036 9110111111
1281 1968 1519 2040 majores
1568 1967 1825 2039 graviore
1876 1965 2078 2018 scelere
2127 1950 2350 2031 culpam
2405 1960 2701 2008 contraxe-

149 2071 296 2121 10111.
374 2063 707 2134 Pervulgata
763 2061 910 2115 enim
960 2063 1110 2134 apud
1159 2071 1374 2117 veteres
1411 2062 1604 2133 opinio
1644 2062 1784 2129 fuit,
1841 2076 2012 2130 eaque
2049 2054 2389 2125 tragicorum
2428 2062 2702 2102 consensu

149 2156 526 2228 comprobata,
566 2172 798 2228 poenam
841 2174 1048 2221 00111111,
1089 2174 1229 2225 91100
1269 2156 1502 2229 majoies
1544 2157 1901 2228 deliquerint,
1945 2154 2017 2207 ad
2043 2158 2294 2225 posteros
2323 2144 2601 2226 pertinere
2637 2141 2699 2208 ³).

149 2253 272 2320 Sic,
313 2260 379 2306 ut
421 2252 559 2305 alios
597 2251 869 2319 omittam,
907 2251 1173 2307 Horatius
1210 2251 1356 2306 mala
1393 2253 1672 2308 bellorum
1710 2250 1961 2305 civilium
2001 2247 2133 2300 inde
2171 2263 2201 2297 a
2239 2235 2543 2314 parricidio
2585 2235 2702 2287 Ro-

149 2345 293 2399 muli
314 2347 382 2413 4),
424 2352 479 2399 01
500 2343 770 2416 Virgilius
793 2344 1013 2416 longius
1043 2346 1205 2399 etiam
1242 2367 1562 2419 progressus
1601 2370 1630 2402 a
1669 2344 2055 2401 Laomedontis
2093 2338 2343 2414 perjurio
2381 2333 2584 2407 repetit
2629 2332 2698 2399 ⁵).

151 2441 337 2509 Quam
375 2450 560 2495 tamen
613 2443 864 2496 acerbam
907 2442 1159 2497 rudioris
1193 2445 1383 2497 aetatis
1424 2445 1744 2517 opinionem
1782 2443 1858 2495 ita
1897 2440 2205 2511 mitigatam
2242 2432 2576 2494 voluerunt,
2634 2434 2699 2478 ut

150 2553 241 2588 eos
278 2542 498 2588 tantum
536 2535 812 2608 majorum
851 2537 1074 2608 culpam
1111 2537 1267 2593 luere
1307 2549 1623 2606 censerent,
1675 2539 1772 2609 qui
1824 2536 1981 2607 quasi
2024 2529 2326 2596 occaecati,
2388 2542 2588 2578 novam
2629 2542 2698 2576 ex

147 2637 334 2684 vetere
373 2637 611 2683 serentes
661 2629 882 2699 culpam
921 2631 1033 2684 suis
1066 2632 1248 2701 vitiis,
1304 2633 1521 2686 etiamsi
1557 2633 1866 2686 levioribus
1907 2642 1963 2685 et
1998 2645 2210 2702 poenae
2248 2619 2572 2695 imparibus,
2613 2629 2698 2671 ta·

148 2743 279 2779 men
313 2733 581 2796 tanquam
622 2743 777 2776 ansas
815 2725 1450 2781 infortunio'dedissent
1483 2732 1549 2797 ⁶).
1632 2724 1936 2799 Sophocles
1974 2723 2181 2794 igitur,
2221 2718 2313 2772 cui
2352 2723 2477 2770 ante
2515 2711 2697 2766 omnia

146 2818 211 2872 id
261 2827 381 2873 erat
433 2820 773 2891 cavendum,
822 2837 895 2875 ne
943 2822 1151 2890 fatum,
1203 2804 1456 2893 quamvis
1505 2824 1750 2894 graviter
1796 2818 2191 2882 inveheretur,
2243 2813 2510 2885 injustum
2563 2815 2698 2860 esset

149 2912 468 2982 dicendum,
506 2915 780 2984 miseram,
821 2934 985 2988 quam
1025 2916 1377 2988 expositurus
1420 2924 1554 2984 erat,
1590 2917 1705 2971 viri
1744 2915 2113 2970 calamitatem
2161 2928 2277 2963 non
2334 2926 2403 2960 ex
2439 2905 2553 2957 sola
2593 2922 2696 2975 pa-

148 3012 375 3060 rentum
412 3004 579 3078 culpa
633 3007 828 3079 duxit,
882 3008 1193 3083 sedetiam
1239 3008 1422 3083 ipsum
1474 3010 1753 3086 Oedipum
1811 3008 2034 3066 crimini
2076 3003 2379 3061 obnoxium
2437 2999 2694 3055 ostendit.

217 3238 257 3300 ¹)
290 3241 402 3291 Cic.
450 3242 516 3291 de
552 3240 661 3291 fato
709 3257 755 3290 c·
787 3243 871 3294 11.
933 3244 978 3302 2)
1011 3246 1142 3295 Oed.
1175 3247 1238 3295 R.
1270 3246 1374 3298 863
1403 3262 1544 3310 seqq.
1627 3245 1668 3306 3)
1700 3247 2060 3298 Mitscherlich
2105 3248 2171 3296 ad
2216 3248 2396 3295 Horat.
2440 3244 2611 3291 Carm.
2646 3243 2695 3300 l,

268 3322 367 3381 28,
415 3323 501 3375 80.
562 3321 607 3382 ⁴)
639 3325 821 3375 Horat.
861 3327 1011 3390 epod.
1043 3329 1092 3378 7.
1127 3328 1209 3379 14„
1292 3327 1332 3388 ⁵)
1374 3328 1513 3392 Virg-
1566 3327 1661 3377 Ge.
1696 3328 1759 3388 1,
1802 3328 1918 3378 5ol.
1984 3324 2027 3385 ⁶)
2075 3327 2207 3376 Oed.
2260 3324 2375 3374 cot.
2429 3323 2680 3374 seo-72

262 3396 422 3454 Filios
453 3405 661 3469 Oedipi,
695 3408 783 3470 qui
823 3416 1121 3477 reputantes
1151 3407 1249 3473 τήν
1275 3406 1449 3459 πάλαι
1481 3406 1674 3469 γένους
1704 3404 1931 3469 φθοράν
1960 3406 2277 3473 aliquamdiu
2302 3403 2697 3461 concordarant,

263 3483 470 3534 incessit
502 3482 688 3532 deinde
718 3489 980 3537 contentio
1011 3491 1152 3539 mala
1181 3488 1244 3540 ἐκ
1272 3493 1420 3545 θεῶν
1447 3507 1545 3542 του
1571 3486 1700 3545 κάξ
1720 3486 1986 3552 ἅλιτηροῦ
2003 3486 2201 3550 φρενός
2217 3487 2286 3537 cf.
2306 3486 2440 3537 Oed.
2466 3488 2514 3535 R
2547 3485 2681 3534 1299
