2974 3877
1248 97 1699 179 ...11-

209 279 422 342 cionem
462 273 553 331 vel
592 274 788 331 exsilio
828 275 920 330 vel
958 281 1139 353 morte
1179 268 1396 325 afficere
1434 267 1591 328 velit.
1668 269 1716 325 A
1752 272 1954 344 quibus
1991 273 2088 329 ille
2122 285 2406 348 permotus
2422 297 2583 383 gam
2625 281 2753 351 qui-

2387 355 2402 374 ἱ

207 373 332 426 dem
372 390 490 425 non
533 372 697 443 plane
734 371 1007 438 remittit,
1049 379 1105 423 at
1143 369 1392 421 inultum
1442 373 1623 418 tamen
1677 364 1965 420 Creontem
2014 370 2165 423 abire
2217 371 2447 443 patitur,
2478 357 2560 414 Ι-
2635 373 2756 428 Hac
2807 424 2810 425 γ

206 468 268 519 in
313 475 470 537 parte
513 474 628 518 tota
676 466 791 519 sere
825 464 1059 517 'fabulae
1115 463 1261 516 ratio
1278 498 1294 527 ‚
1354 478 1495 530 quae
1548 458 1733 514 adhuc
1788 474 2003 517 servata
2056 474 2165 533 est,
2216 468 2539 524 invertitur.
2615 469 2755 522 Nam
2797 455 2862 501 ζ’)

210 561 491 631 Oedipus,
533 559 631 629 qui
670 552 834 611 antea
872 558 1206 611 inveniendo
1246 555 1364 628 Laji
1406 555 1725 626 percussori
1766 574 1989 628 operam
2030 558 2205 626 dedit,
2247 578 2308 613 eo
2350 578 2405 614 se
2444 561 2612 614 simul
2655 563 2734 616 im

206 652 423 724 perium
460 669 621 704 suum
662 651 728 703 ab
778 650 928 703 omni
966 650 1180 721 impetu
1218 658 1404 703 tutum
1442 650 1842 721 praestiturum
1877 662 2051 719 ratus,
2094 673 2211 733 rem
2239 655 2380 710 male
2412 666 2465 711 et
2504 658 2566 711 in
2606 679 2759 713 suam

2363 727 2580 740 ›mnf-vm,-

206 747 836 823 EgggigifluLemsnram
876 767 986 801 esse
1019 745 1574 818 ³115m9„‚.1).22·219§2111st‚
1617 766 1687 799 ex
1728 764 1837 821 quo
1880 745 2179 826 Creontem
2205 747 2553 825 impunitum
2570 735 2757 826 flimi-

861 802 1138 814 ἃο--νισιαι--ῑι-ρι»ἧκ’-ωε-

1821 817 1854 824 ...
1864 818 1999 827 ——m--ru
2007 820 2054 829 ψ..
2061 822 2083 828 .-
2139 822 2163 826 ..
2187 821 2232 827 --.

177 842 304 919 „825
368 841 435 892 Id
475 841 605 892 inde
643 849 793 893 recte
830 839 968 891 mihi
1009 841 1264 910 colligere
1305 841 1537 909 videor,
1589 842 1741 911 quod
1796 842 2086 895 Creontem
2127 842 2310 896 Choro
2350 846 2665 901 condonare
2702 868 2756 901 se

208 938 377 1006 dicit,
418 937 630 991 etiamsi
667 937 846 1009 ipsum
886 936 1138 988 funditus
1170 935 1352 1007 perire
1392 944 1649 1007 oporteat
1677 934 1748 1004 ¹).
1804 936 1929 1000 Quo
1968 935 2034 986 fit
2073 945 2137 987 ut
2174 936 2291 988 irae
2331 937 2448 1008 ejus
2482 941 2758 1011 paulatim

209 1029 619 1085 defervescenti,
648 1029 927 1080 ominosus
965 1047 1208 1095 maeror,
1249 1047 1376 1082 raro
1419 1039 1635 1082 tantum
1678 1029 1875 1099 exigua
1918 1049 2009 1100 spe
2048 1030 2427 1101 inte1·ruptuS‚
2481 1034 2752 1100 succedat,

209 1141 418 1193 nosque
457 1120 566 1193 jam
612 1140 726 1176 non
766 1122 894 1176 sine‘
919 1123 1155 1193 quadam
1199 1124 1679 1180 commiseratione
1713 1122 1838 1177 viro
1885 1107 2078 1177 timere
2117 1122 2282 1183 sinat,
2339 1123 2425 1177 Ad
2455 1142 2621 1195 quam
2658 1144 2758 1180 xe-

207 1216 606 1271 hementiorem
643 1216 956 1270 animorum
994 1218 1472 1288 perturbationem
1511 1217 1854 1272 incitatiores
1890 1235 2164 1286 numerOS,
2204 1217 2409 1287 quibus
2444 1216 2658 1273 Chorus
2697 1220 2757 1273 in

208 1311 316 1364 hoc
354 1320 408 1363 et
443 1310 696 1379 sequenti
737 1310 1014 1379 colloquio
1063 1311 1277 1378 utitur,
1315 1312 1454 1364 bene
1492 1320 1838 1383 comparatos
1883 1331 1996 1364 esse
2033 1320 2282 1382 apparet.

354 1405 412 1472 4)
462 1400 701 1478 Oedipo
743 1421 954 1458 coram
999 1401 1198 1458 Clzoro
1238 1424 1377 1458 cum
1411 1410 1666 1459 „Iocasta
1708 1403 2082 1481 colloquenti
2119 1403 2465 1460 verisimile
2488 1401 2602 1482 fit,
2649 1403 2756 1460 Ti-

210 1496 444 1554 resiam
483 1496 875 1555 reconditum
913 1497 1158 1555 oraculi
1193 1519 1439 1555 sensnm
1477 1496 1847 1575 simpliciter
1878 1518 2004 1553 esse
2031 1497 2534 1575 interpretatum,
2575 1518 2754 1575 seque

209 1610 438 1647 revera
477 1591 703 1663 Lajum
742 1588 1147 1667 interfecisse.
1183 1624 1259 1636 —
1297 1595 1426 1655 862.
1518 1595 1757 1662 Jocasta,
1811 1592 1909 1647 ubi
1961 1595 2252 1665 cognovit,
2309 1595 2588 1666 Oedipum
2631 1615 2757 1648 cum

212 1690 445 1743 Creonte
483 1689 755 1756 altercari,
779 1689 926 1759 ,quia
963 1689 1240 1759 Tiresiam,
1279 1700 1345 1743 ut
1382 1690 1591 1763 se'Laji
1634 1689 1935 1743 occisorem
1975 1708 2085 1742 esse
2126 1687 2352 1755 diceret,
2393 1688 2462 1740 ab
2499 1688 2597 1741 illo
2624 1689 2756 1741 sub-

212 1794 475 1838 ornatum
529 1784 751 1853 credat,
805 1784 866 1834 id
907 1784 1017 1854 agit
1030 1823 1048 1853 ,
1087 1794 1152 1836 ut
1189 1785 1411 1837 vatibus
1450 1804 1668 1838 omnem
1705 1784 2092 1837 auctoritatem
2132 1783 2368 1849 adimat,
2409 1802 2581 1854 eoque
2621 1802 2758 1835 con-

210 1879 335 1931 silio
377 1879 1019 1961 ⁰r³CUIum.-4R⁰‚lll¹?{,{2
1053 1880 1245 1951 Lajum
1288 1900 1317 1929 a
1367 1880 1484 1931 filio
1525 1881 1764 1933 occisum
1803 1878 1909 1944 iri,
1944 1896 2165 1954 Sit-..SE
2205 1876 2759 1953 PREJJAEQDEAEQQS-

203 1971 686 2057 Qffffff„..ssrqg9jf·
761 1971 931 2035 Quod
969 1991 1143 2042 quum
1186 1973 1430 2046 Oedipus
1470 1995 1595 2029 cum
1634 1976 1743 2029 alio
1778 1975 1883 2027 sibi
1923 1973 2091 2040 edite,
2129 1991 2184 2025 se
2221 1971 2396 2043 patris
2435 1972 2760 2026 interfecto·

207 2083 329 2120 rem
367 2065 501 2133 fore,
536 2071 903 2137 compararet,
933 2076 988 2120 et
1006 2076 1304 2137 praeterea,
1344 2087 1483 2138 quae
1518 2069 1731 2122 Jocasta
1770 2067 1837 2120 de
1878 2066 2007 2136 Lajo
2049 2065 2274 2137 ejusque
2314 2065 2478 2117 caede
2506 2066 2754 2133 referret,

212 2157 323 2211 nisi
347 2158 507 2229 quod'
523 2176 555 2211 a
578 2158 840 2239 erkus
865 2158 1189 2214 interemtus
1218 2180 1328 2216 esse
1356 2162 1658 2229 diceretur,
1702 2161 1910 2241 ⁰mfflff„
1923 2159 2162 2237 cuium-iis
2207 2159 2502 2237 *con-‘cinere
2527 2160 2757 2233 videret,

216 2272 358 2324 quae
386 2253 491 2306 sibi
523 2252 657 2305 olim
686 2254 1031 2323 Corinthum,
1069 2257 1348 2327 Polybum
1391 2267 1444 2311 et
1494 2257 1778 2329 Meropen,
1821 2253 2060 2326 patriam
2098 2251 2267 2306 simul
2306 2259 2361 2305 et
2395 2260 2651 2323 parentes
2687 2255 2759 2306 ob

215 2347 429 2401 oraculi
458 2356 661 2402 sortem
691 2347 963 2403 devitanti
994 2350 1307 2406 acciderant
1338 2355 1426 2424 (ct,
1448 2373 1507 2426 p.
1524 2353 1609 2425 2),
1648 2348 2168 2433 rePEP-bifflflsssfflqsse
2207 2356 2527 2419 occupatus,
2567 2367 2637 2401 ne
2665 2368 2760 2402 re-

212 2460 348 2495 vera
377 2443 572 2515 Lajum
603 2445 883 2513 occiderit,
925 2447 1116 2499 animo·
1134 2466 1397 2520 suspenso
1426 2457 1478 2501 et
1498 2445 1737 2502 sollicito
1761 2463 1981 2519 servum
2020 2442 2209 2507 istum,
2251 2442 2350 2512 qui
2385 2442 2536 2496 solus
2573 2463 2602 2496 e
2642 2443 2760 2516 Laji

217 2536 515 2591 comitibus
546 2547 779 2591 mortem
807 2538 1088 2610 effugerat,
1130 2545 1325 2596 arcessi
1353 2544 1531 2617 jussit,
1572 2552 1639 2597 ut
1665 2514 1923 2616 pels‘gsm
1971 2537 2176 2590 certior
2213 2535 2405 2608 {ieretk
2428 2556 2563 2589 num
2596 2538 2761 2610 Lajus

217 2650 247 2685 a
286 2631 569 2703 pluribuS,
612 2651 683 2685 an
720 2634 788 2686 ab
827 2652 941 2687 uno
985 2636 1194 2689 occisus
1232 2646 1388 2694 esset.
1461 2637 1579 2689 Jam
1631 2653 1765 2689 vero
1813 2628 2048 2686 Chorus
2088 2629 2411 2699 indignatus
2442 2629 2758 2698 insolentia,

141 2723 156 2787 ζ
181 2735 322 2802 {qua
350 2724 598 2795 Oedipus
640 2724 928 2780 Creontem
969 2735 1025 2779 et
1059 2727 1322 2783 Tiresiam
1360 2712 1729 2802 tractavitAet
1764 2726 1981 2783 ,Iocasta
2015 2722 2284 2776 vaticinia
2321 2720 2628 2790 contemsit,
2669 2725 2762 2776 ni-

189 2803 297 2872 „hil
331 2838 402 2887 se,
443 2821 535 2887 ait,
577 2821 863 2891 antiquius
898 2821 1118 2889 habere,
1158 2836 1324 2894 quam
1360 2834 1427 2877 ut
1467 2826 1609 2896 leges
1651 2824 1871 2879 divinas
1912 2818 2074 2874 dictis
2112 2817 2380 2888 factisque
2421 2818 2760 2874 sanctissime

214 2910 362 2964 colat
400 2912 494 2979 (—
536 2916 636 2970 871
649 2915 699 2982 );
740 2933 826 2967 eas
866 2915 1012 2968 enim
1050 2917 1148 2986 qui
1185 2921 1416 2990 superbe
1455 2921 1849 2983 transcendat,
1890 2922 2062 2969 semet
2097 2913 2280 2983 ipsum
2329 2920 2384 2965 et
2417 2912 2632 2984 patriae
2669 2933 2761 2969 sa-

214 3005 390 3061 lutem
429 3009 662 3081 perdere
702 3011 799 3078 (—-
833 3011 983 3080 881).
1062 3013 1277 3079 Quodsi
1315 3015 1442 3068 talis
1481 3015 1734 3088 impietas
1771 3008 2068 3083 probetur,
2117 3021 2232 3056 non
2271 3020 2411 3074 opus
2451 3022 2564 3059 esse
2601 3006 2763 3061 cultu

219 3106 276 3152 et
321 3100 635 3153 reverentia
688 3101 919 3155 deorum
970 3100 1066 3176 (—
1102 3107 1273 3179 896),
1336 3130 1501 3182 seque
1556 3111 1711 3165 haud
1775 3102 2010 3182 amplius
2058 3097 2518 3153 venei-abundum
2571 3111 2763 3156 sancta

220 3191 496 3264 Apollinis
547 3193 751 3266 templa
806 3196 1121 3272 aditurum,
1173 3203 1285 3258 nisi
1333 3204 1551 3279 Jupiter
1599 3201 1822 3260 oracula
1878 3190 2210 3249 Labdacidis
2261 3191 2408 3246 edita
2435 3210 2592 3281 'vera
2646 3214 2761 3250 esse

219 3287 471 3341 ostendat
508 3291 602 3359 (--
640 3292 794 3360 910).

282 3491 324 3552 ¹)
358 3495 489 3547 Oed.
518 3498 585 3546 R.
619 3496 733 3548 669.
765 3494 850 3546 κεί
877 3496 981 3560 χρή
1007 3517 1073 3560 με
1101 3505 1374 3559 παντελῶς
1405 3505 1611 3554 θανεῖν.

2814 2438 2911 2482 ἷῧκῖ
