2974 3877
141 267 374 338 liberis,
415 273 611 328 ceteris
647 274 811 327 bonis
847 270 1087 328 terrenis
1133 272 1362 337 augeret
1398 272 1566 337 atque
1607 278 1864 339 ornaret,
1919 290 2045 326 eum
2084 276 2375 343 omnibus,
2442 274 2512 326 ob
2569 291 2711 346 quae

140 365 249 420 sibi
288 366 525 440 aliisque
564 369 708 424 felix
745 369 1075 435 videbatur,
1129 364 1445 438 privatum,
1498 378 1599 413 sua
1637 361 1825 434 ipsius
1870 383 2040 420 manu
2082 366 2416 438 laceratum,
2473 369 2712 424 stimulis

142 458 389 529 denique
427 463 797 516 conscientiae
836 462 1175 532 exagitatum
1217 456 1432 527 insigne
1469 454 1812 526 hominibuS‚
1861 481 2023 532 quam
2050 463 2287 523 caducae
2314 464 2426 517 sint
2463 484 2551 518 res
2591 466 2708 519 hu-

142 569 366 620 manae,
409 555 703 626 proposuit
741 555 1140 609 documentum
1187 552 1281 627 1).s
1330 551 1417 605 En
1454 570 1637 604 senem
1680 572 1935 623 caecum,
1973 559 2133 611 cultu
2171 568 2333 629 atque
2377 560 2575 612 solatio
2616 558 2709 612 vi-

141 655 231 700 tae
272 648 598 718 privatum,
650 650 898 720 dirisque
938 650 1237 717 devotum,
1292 646 1391 717 qui
1433 645 1540 697 diis
1579 653 1633 698 et
1669 643 1994 703 hominibus
2031 651 2244 705 invisus
2259 692 2273 718 ,
2325 651 2541 723 sibique
2591 652 2709 723 ipse

142 737 339 792 odium
382 748 547 810 atque
587 741 819 808 horror,
861 758 932 794 ne
970 740 1212 812 patriam
1251 739 1624 805 contaminet,
1679 745 1741 794 in
1777 752 1987 796 terram
2023 748 2371 817 peregrinam
2415 765 2708 799 concessu-

141 855 243 890 rus
281 836 433 889 viam
476 856 646 890 manu
698 831 1046 909 pedibusque
1101 844 1430 908 praetentat,
1512 833 1699 903 Quid,
1754 855 1984 906 quaes0,
2038 840 2248 915 infelici
2283 838 2387 892 isto
2428 840 2708 894 infelicius

142 939 328 1001 potest
366 930 614 1000 c'ogitari,
656 929 817 1000 quid,
857 932 905 983 si
944 939 1167 1002 praeter
1207 929 1651 998 magnitudinem
1692 925 2004 1003 originem
2041 950 2260 1001 quoque
2300 932 2575 986 malorum
2613 951 2707 986 re-

140 1023 468 1094 spiciamus,
510 1025 578 1076 ad
619 1024 1062 1077 misericordiam
1104 1032 1482 1095 spectatorum
1521 1022 1856 1076 movendam
1896 1023 2068 1093 magis
2103 1025 2408 1079 idoneum?
2434 1026 2708 1080 *Atrocis-

140 1117 277 1170 sima
318 1119 542 1188 quidem
578 1119 787 1188 flagitia
826 1127 984 1182 sunt,
1028 1120 1098 1171 ob
1141 1137 1283 1188 quae
1322 1117 1632 1191 calamitate
1686 1115 1985 1186 affligitur:
2044 1118 2251 1171 occidit
2287 1128 2531 1189 patrem,
2586 1138 2708 1179 ma-

139 1220 284 1264 trem
325 1211 387 1263 in
428 1211 855 1265 matrimonium
890 1212 1077 1265 duxit.
1154 1212 1227 1265 At
1278 1231 1398 1268 non
1437 1212 1570 1265 fecit
1607 1212 1816 1280 sciens,
1866 1213 1997 1265 fecit
2035 1212 2250 1265 invitus
2288 1215 2368 1281 2);'
2422 1214 2708 1267 interemit

140 1305 355 1376 Lajum,
397 1325 561 1375 quem
586 1314 824 1376 patrem,
865 1307 1036 1360 duxit
1072 1307 1358 1373 Jocastam,
1400 1324 1569 1375 quani
1606 1313 1838 1356 matrem
1875 1323 2030 1356 suani
2071 1323 2179 1357 esse
2210 1306 2515 1374 ignorabat.
2544 1306 2705 1381 *Rem

137 1399 333 1470 paullo
375 1398 547 1450 allius
584 1408 915 1469 repetamus.
1003 1400 1240 1473 „LajuS,
1305 1400 1397 1453 cui
1442 1399 1720 1470 Apollinis
1777 1401 2005 1452 oraculo
2051 1399 2401 1472 praedictum
2457 1407 2603 1467 erat,
2655 1399 2705 1451 si

141 1513 308 1564 quem
346 1494 526 1547 filium
555 1515 638 1548 cx
675 1496 890 1549 Jocasta
928 1506 1290 1569 procreasset,
1334 1497 1401 1550 ab
1442 1515 1504 1548 eo
1543 1515 1598 1547 se
1639 1494 1880 1546 occisum
1922 1492 2013 1558 iri,
2057 1491 2335 1562 Oedipum
2372 1510 2562 1545 recens
2599 1509 2703 1544 na·

141 1596 263 1641 tum
307 1588 553 1660 trajectis
592 1589 773 1642 ferrea
815 1590 989 1642 fibula
1024 1592 1263 1662 pedibus
1303 1610 1461 1643 servo
1503 1589 1723 1642 cuidam
1761 1608 1863 1659 per
1906 1592 2179 1642 Jocastam
2217 1588 2505 1640 mandavit
2557 1587 2705 1640 ccci-

140 1682 386 1735 ‹lendum
422 1678 486 1749 ³).
566 1681 620 1736 Is
669 1703 804 1737 vero
846 1685 1229 1737 misericordia
1270 1686 1470 1738 <luctus
1512 1702 1626 1735 non
1664 1682 1978 1748 interemit,
2029 1682 2123 1734 sed
2174 1680 2379 1753 Polybi
2415 1701 2572 1735 servo
2612 1682 2708 1734 in·

139 1776 347 1829 fantem
398 1777 635 1829 tradidit
681 1778 1014 1831 Corinthum
1054 1778 1455 1850 asportandum
1495 1775 1564 1849 4).
1655 1777 1783 1841 Quo
1828 1778 2039 1830 sactum
2095 1786 2212 1842 est,
2270 1786 2337 1830 ut
2379 1777 2628 1848 Oedipus
2672 1796 2706 1830 a

139 1872 354 1943 Polybo
406 1883 460 1925 et
517 1873 744 1944 Merope
794 1875 1090 1946 adoptatus
1145 1884 1199 1927 et
1251 1874 1517 1926 educatus
1555 1870 1601 1943 5)
1656 1869 1756 1922 hos
1801 1879 2058 1942 parentes
2107 1889 2235 1924 suos
2285 1889 2395 1924 esse
2440 1870 2703 1938 crederet,

141 1973 195 2015 et
235 1965 488 2016 convicio
502 2004 517 2031 ,
564 1984 618 2017 se
675 1966 893 2037 Polybo
935 1988 1048 2020 esse
1088 1967 1466 2038 suppositum,
1520 1965 1599 2016 ita
1638 1966 2097 2032 exacerbaretur,
2152 1973 2218 2018 ut
2259 1962 2528 2018 Corintho
2567 1964 2704 2017 Del-

138 2059 281 2131 phos
323 2061 528 2127 abiret,
569 2061 636 2113 de
676 2062 1005 2132 parentibus
1045 2064 1210 2116 deum
1253 2061 1688 2117 consultaturus,
1766 2059 1919 2112 Tulit
1956 2076 2311 2130 responsum,
2351 2076 2407 2110 se
2445 2057 2565 2110 sore
2598 2076 2705 2129 pa-

144 2152 244 2218 tris
282 2155 600 2220 occisorem,
646 2156 841 2208 matris
879 2158 1163 2222 maritum,
1202 2157 1526 2226 generisque
1570 2155 1879 2208 detestandi
1918 2163 2217 2208 auctorem.
2298 2153 2459 2219 Quae
2496 2160 2564 2207 ut
2601 2153 2702 2208 de-

138 2249 345 2304 vitaret
385 2279 459 2291 --
504 2250 572 2304 de
615 2251 828 2323 Polybo
884 2253 1032 2305 enim
1088 2261 1142 2306 et
1179 2254 1405 2324 Merope
1462 2249 1552 2304 dei
1601 2249 1825 2303 effatum
1867 2248 2171 2320 accipiebat
2206 2280 2283 2291 -
2319 2247 2506 2301 valere
2543 2246 2705 2319 jussit

143 2343 505 2410 Corinthum,
550 2354 605 2397 et
640 2346 1024 2415 in.regionem
1064 2349 1344 2402 diversam
1388 2349 1519 2417 fuga
1570 2346 1877 2405 contendit,
1955 2345 2221 2413 Frustra5
2272 2362 2401 2398 nam
2443 2343 2506 2396 in
2559 2361 2702 2397 con-

140 2438 288 2490 [iniis
325 2440 585 2492 Boeotiae
625 2451 679 2493 et
715 2443 978 2495 Phocidis
1022 2445 1213 2497 virum
1261 2444 1367 2495 sibi
1406 2445 1660 2513 ignotum
1701 2440 1923 2509 ejusque
1966 2439 2222 2503 comites,
2266 2436 2493 2509 injuriis
2531 2437 2702 2489 laces·

141 2532 309 2599 situs,
348 2543 571 2605 praeter
610 2554 786 2588 unum
829 2535 1037 2590 occidit
1074 2557 1264 2592 omnes
1297 2536 1364 2611 ⁶).
1424 2538 1638 2590 Deinde
1676 2536 1888 2589 Thebas
1927 2536 2227 2607 profectus,
2269 2533 2452 2585 soluto
2492 2529 2703 2603 Sphin-

139 2626 219 2697 gis
257 2628 559 2700 aenigmate
603 2649 706 2685 rex
744 2628 1135 2687 Thebanorum
1175 2635 1354 2687 tactus
1399 2642 1480 2687 est
1518 2642 1571 2686 et
1609 2635 1852 2686 locastae
1889 2630 2123 2684 maritus
2158 2626 2264 2700 ⁷).“
2323 2627 2482 2691 Quae
2522 2645 2701 2695 quum

138 2720 217 2773 ita
260 2721 404 2787 sint,
457 2708 574 2776 non
614 2743 947 2796 magnopere
987 2726 1308 2782 mirandum
1348 2736 1456 2797 est,
1512 2728 1557 2781 si
1594 2746 1773 2800 purus
1822 2725 2074 2793 sceleris,
2125 2723 2404 2795 legitimus
2458 2715 2705 2776 locastae

140 2816 352 2887 conjux
386 2829 439 2872 et
477 2819 656 2886 justus
689 2818 1081 2874 Thebanorum
1120 2825 1270 2888 rex,
1307 2822 1441 2874 dum
1476 2821 1598 2891 quis
1634 2823 1705 2875 sit
1741 2820 1942 2886 nescit,
1998 2817 2107 2872 sibi
2154 2817 2389 2887 aliisque
2426 2815 2703 2883 videatur,

139 2917 194 2961 et
231 2930 406 2980 quum
444 2912 628 2982 palam
673 2912 886 2966 factum
940 2924 1043 2980 est,
1104 2916 1359 2986 quamvis
1415 2917 1637 2970 miseria
1677 2926 1733 2971 et
1773 2915 2122 2971 facinoribus
2157 2920 2479 2985 coopertus,
2531 2911 2704 2984 magis

136 3012 318 3060 tamen
369 3006 596 3080 injuriis
634 3007 887 3076 affectus,
936 3027 1105 3080 quam
1144 3010 1264 3083 ipse
1300 3012 1580 3065 maleficus
1618 3009 1814 3063 haberi
1854 3006 1994 3063 velit
2032 3008 2099 3076 8).
2186 3006 2316 3074 Quo
2355 3004 2502 3059 enim
2547 3005 2704 3060 dela-

203 3173 243 3235 1)
281 3176 468 3240 Oedip.
505 3178 573 3228 R.
606 3176 741 3229 1284
770 3180 962 3228 κακῶν
991 3174 1073 3230 δύ’
1101 3178 1213 3232 ἐστὶ
1241 3178 1459 3235 πάντων
1495 3181 1709 3248 ὀνόματ’
1741 3178 1904 3233 οὐδέν
1934 3179 2036 3232 ἐστ’
2069 3174 2229 3229 εἰπόν.
2289 3177 2335 3237 2)
2368 3177 2556 3240 0⁶33?-
2588 3177 2701 3228 001·

259 3258 362 3308 24⁰
408 3257 548 3319 ἔργα
589 3254 814 3310 ἄκοντα.
889 3260 931 3321 ³)
969 3263 1096 3313 Oed.
1136 3268 1201 3313 R.
1236 3267 1338 3316 711
1382 3293 1439 3304 -
1475 3270 1594 3320 719.
1663 3265 1709 3325 ⁴)
1761 3265 1894 3315 Oed.
1938 3265 2002 3311 R.
2043 3259 2177 3311 1178
2220 3274 2362 3323 seqq·
2430 3255 2470 3314 ⁵)
2505 3258 2695 3322 oedip.

258 3341 318 3386 R„
359 3340 509 3389 1121.
553 3358 695 3406 seqq.
761 3339 803 3397 ⁶)
852 3344 981 3393 Oed.
1029 3349 1091 3395 R.
1129 3349 1237 3398 7⁷9
1267 3350 1461 3401 -813,
1532 3349 1575 3408 ⁷)
1635 3350 1767 3399 Oed.
1810 3350 1874 3396 R.
1921 3342 2296 3395 1198-1204.
2348 3334 2598 3390 Wunder.
2632 3341 2699 3391 de

256 3423 437 3473 fabul·
470 3424 657 3487 Oedipi
692 3442 741 3488 p.
777 3426 1016 3478 11—14.
1095 3426 1136 3488 ⁸)
1173 3430 1301 3482 Oed.
1347 3433 1456 3482 Col.
1493 3432 1600 3483 266
1629 3427 1741 3481 ἐπεὶ
1772 3422 1842 3476 τοὶ
1864 3418 1924 3486 ’γ’
1950 3412 2090 3484 ἔργαι
2134 3435 2241 3476 μου
2275 3414 2557 3472 πεπονθότ’
2588 3418 2700 3471 ἐστὶ

252 3505 498 3564 μᾶλλον,
532 3499 569 3564 ἥ
600 3502 921 3565 δεδρακότα.
2332 3539 2363 3554 .,
