2974 3877
1318 80 1742 140 ...10-

243 237 576 307 pretatur,
620 240 692 290 ut
735 227 1047 312 Oedipum
1085 229 1243 312 Laji
1283 226 1619 289 occisorem
1660 248 1797 291 esse
1835 231 2027 299 dicat.
2070 230 2141 281 -’-
2181 240 2310 301 462.
2368 231 2603 294 'Tiresias
2641 255 2817 311 aegre,

252 344 356 380 nec
394 328 504 380 nisi
544 330 897 385 contumeliis
937 332 1042 385 sibi
1096 331 1271 383 illatis
1316 327 1604 381 lacessitus
1657 326 2115 407 Oedipum-*Laji
2166 332 2466 387 occisorem
2505 351 2628 386 esse
2679 337 2819 404 Pro-

254 423 506 490 nuntiat‚
547 426 895 496 eundemque
933 425 1109 498 patris
1155 424 1276 497 Laji
1317 421 1617 477 occisorem
1656 439 1782 474 cum
1820 433 1996 478 matre
2034 426 2271 479 inscium
2311 444 2666 483 consuescere
2717 425 2820 480 ob-

256 514 493 583 scurius,
534 532 703 586 quam
748 526 808 571 ut
845 518 1163 588 intelligant
1203 523 1531 588 praesentem,
1571 513 1843 583 significat
1875 516 1935 587 ¹).
2006 519 2134 584 Quo
2173 521 2271 574 ille
2308 521 2668 593 exacerbatus
2709 521 2820 574 mi..

253 628 355 664 nas
407 620 463 664 et
519 612 934 669 criminationes
983 613 1332 686 gravissimas
1379 610 1442 662 in
1495 608 1760 662 Tiresiam
1799 619 1855 663 et
1901 611 2192 666 Creontem
2242 614 2410 667 simul
2447 615 2696 683 confert3
2748 615 2819 668 ob

255 723 394 775 quae
433 704 668 758 Tiresias
705 706 885 761 iratus
925 708 993 760 ab
1032 707 1178 762 irato
1220 705 1485 774 discedit,
1527 705 1707 758 Creon
1747 723 1882 758 vero
1933 706 2087 761 haud
2131 710 2309 764 multo
2348 719 2473 783 post
2524 729 2636 765 sese
2670 721 2818 784 ‘put-

255 806 486 870 gaturus
523 799 586 850 in
623 795 842 853 scenam
879 801 1093 873 prodit,

489 888 728 946 Chorus
752 894 816 945 in
845 893 954 948 fine
985 895 1257 949 secundae
1286 894 1461 967 partis
1485 892 1798 967 profitetur,
1844 912 1899 948 se
1939 895 2164 966 quidem
2204 898 2681 968 persuasissimum
2719 897 2822 954 ha-

254 988 409 1053 bere,
451 988 731 1058 Apollinis
771 989 1064 1042 oraculum
1102 990 1164 1041 in
1202 981 1518 1061 parricidae
1557 986 1858 1057 perniciem
1899 1006 2194 1041 evasurum
2234 1008 2345 1042 esse
2389 992 2484 1057 (—
2513 990 2670 1055 482),
2713 979 2823 1043 du-

258 1083 439 1138 bitare
477 1102 610 1137 vero
650 1103 978 1155 suspensum
1018 1085 1167 1138 inter
1207 1104 1353 1156 spem
1394 1090 1716 1150 metumque
1756 1079 1824 1132 de
1876 1077 2174 1133 horrendis
2217 1080 2456 1134 Tiresiae
2495 1081 2824 1136 criminibus

256 1174 317 1227 in
360 1175 638 1247 Oedipum
679 1176 895 1230 collatis
932 1179 1026 1245 (—
1064 1180 1228 1246 496),
1285 1198 1463 1248 neque
1503 1176 1677 1247 'prius
1728 1174 2011 1228 accusanti
2049 1194 2401 1229 assensurum
2454 1195 2598 1244 esse,
2656 1195 2824 1247 quam

263 1255 411 1320 dicta
454 1280 660 1322 eventu
696 1269 905 1323 viderit
945 1274 1303 1344 comprobata
1348 1274 1450 1342 (-
1491 1250 1807 1339 5‘102).03v3‹³*‹

484 1360 589 1416 Vel
617 1382 732 1417 non
761 1374 1018 1419 monente
1045 1383 1131 1419 me
1161 1375 1403 1439 apparet,
1430 1383 1622 1420 omnes
1641 1363 1846 1434 prioris
1872 1370 1926 1416 et
1951 1363 2221 1417 secundae
2243 1363 2416 1435 partis
2435 1363 2677 1419 actiones
2696 1381 2824 1417 cum

262 1456 506 1527 quodam
542 1460 730 1530 lepore
771 1463 1099 1517 consentire.
1179 1463 1430 1532 Utraque
1467 1459 1614 1513 enim
1648 1475 1775 1528 pars
1815 1457 1883 1508 ad
1924 1454 2209 1509 oraculum
2251 1456 2532 1527 pertinet3
2573 1455 2825 1526 quodin

261 1551 443 1622 prima
483 1552 682 1620 datur,
722 1553 786 1605 in
826 1555 1000 1608 altera
1045 1556 1385 1627 explicatur.
1466 1554 1655 1619 Adde,
1699 1553 1852 1621 quod
1890 1560 2129 1621 utraque
2166 1551 2326 1603 binas
2365 1550 2603 1604 actiones
2642 1551 2825 1604 conti-

263 1654 398 1711 net,
441 1665 675 1717 quarum
716 1649 877 1722 prior
920 1669 1169 1722 quaeque
1211 1650 1376 1705 alteri
1418 1657 1610 1722 utpote
1655 1644 1954 1718 principali
1992 1643 2139 1696 viam
2181 1643 2338 1714 quasi
2387 1644 2591 1702 munit,
2668 1641 2824 1709 Quae

264 1756 397 1790 vero
438 1750 754 1809 sequuntur
786 1754 919 1813 pars
959 1745 1125 1796 tertia
1164 1753 1218 1797 et
1258 1753 1489 1815 quarta,
1544 1761 1660 1795 eam
1701 1741 1770 1792 ob
1813 1757 2031 1792 causam
2072 1738 2394 1802 adduntur,
2434 1746 2500 1790 ut
2536 1737 2822 1810 interpre-

263 1831 466 1881 tationi
506 1833 723 1888 oraculi
763 1835 1040 1891 aTiresia
1078 1840 1357 1908 prolatae,
1413 1856 1583 1908 quam
1626 1834 1872 1905 Oedipus
1925 1832 2305 1899 criminosam,
2356 1849 2458 1884 nec
2507 1831 2623 1902 ipse
2678 1830 2825 1884 Cho-

264 1942 361 1975 rus
401 1943 592 1977 veram
632 1945 741 1980 esse
779 1940 971 2000 putat,
1023 1932 1159 1986 fides
1200 1933 1550 1987 concilietur.

492 2015 639 2077 Pars,
691 2018 791 2080 ΙΙΙ.
890 2013 1166 2098 Oedipus
1224 2043 1365 2080 cnm
1422 2020 1682 2078 Iocasta
1731 2017 1807 2074 cle
1865 2015 2054 2074 caede
2114 2015 2270 2095 Laji
2318 2016 2657 2075 collocutus
2713 2037 2825 2075 nec

265 2105 657 2187 Apollinem,
703 2133 816 2184 neo
862 2112 1173 2173 Tiresiam
1211 2114 1506 2174 mentitos
1545 2134 1673 2170 esse
1713 2111 1929 2168 animo
1955 2109 2300 2188 praesagit
2339 2113 2450 2171 513
2490 2145 2561 2154 --·
2603 2115 2733 2174 862.

425 2204 478 2279 1)
527 2202 727 2261 Creon
771 2203 971 2264 Clioro
1004 2212 1267 2281 declarat,
1313 2233 1367 2267 se
1407 2212 1568 2265 falsas
1606 2210 1673 2264 ab
1715 2210 1929 2282 Oedipo
1969 2209 2031 2261 in
2070 2227 2124 2262 se
2160 2209 2438 2263 absentem
2477 2209 2670 2265 allatas
2709 2212 2824 2265 cri-

272 2301 602 2356 minationes
641 2306 1002 2376 repulsurum
1039 2338 1112 2349 -
1154 2310 1281 2369 531.

420 2401 478 2466 2)
521 2394 633 2451 Ad
669 2397 780 2453 lios
825 2398 1103 2479 Oedipus
1142 2401 1407 2463 accedit.
1474 2399 1698 2458 Oritur
1729 2397 2065 2457 altercatio
2105 2397 2286 2456 inter
2309 2417 2449 2456 eum
2489 2408 2550 2457 et
2595 2396 2827 2456 Creon-

272 2500 414 2552 tem.
439 2524 516 2535 —-
542 2496 674 2554 633.
756 2498 1005 2572 Oedipus
1041 2500 1206 2554 iterat
1244 2499 1710 2564 criminationem,
1753 2496 2042 2550 Creontem
2083 2512 2210 2548 cum
2248 2494 2458 2548 Tiresia
2494 2494 2561 2548 de
2600 2512 2698 2547 suo
2733 2494 2827 2546 in·-

270 2586 444 2640 teritu
482 2589 836 2660 conspirasse,
879 2594 1144 2662 quoniam
1181 2605 1364 2650 vatem
1404 2594 1787 2648 arcessendum
1827 2610 1939 2646 esse
1975 2589 2192 2662 primus
2229 2587 2521 2659 judicarit,
2560 2588 2655 2642 hic
2692 2606 2827 2642 vero

272 2689 447 2748 antea,
489 2700 662 2752 quum
703 2685 771 2738 de
796 2686 914 2758 Laji
951 2689 1112 2743 caede
1146 2692 1454 2760 quaesitum
1492 2689 1578 2756 sit,
1618 2688 1688 2741 ad
1719 2683 2004 2740 silentium
2043 2681 2367 2746 obstinatus,
2407 2697 2561 2733 nunc
2588 2698 2643 2733 se
2674 2680 2827 2734 occi-

273 2786 452 2826 sorem
494 2793 603 2829 esse
645 2777 814 2831 dicat.
863 2781 1080 2852 -Neque
1119 2803 1258 2854 quae
1314 2786 1492 2839 Creon
1544 2739 1998 2848 contra⁴7ss61iffi
2053 2776 2308 2849 quamvis
2352 2773 2532 2830 Choro
2582 2777 2830 2848 proben-
2898 2823 2900 2825 ,

274 2877 401 2936 tur,
443 2872 751 2941 quidquam
792 2875 863 2927 ad
899 2895 1078 2946 regem
1119 2881 1459 2949 placandum
1496 2879 1703 2933 valent.

426 2964 485 3030 3)
524 2966 781 3019 Jocasta
809 2966 1222 3041 perturbatos
1278 2970 1633 3029 animorum
1672 2978 1876 3027 motus
1929 2962 2281 3023 cohibitura
2328 2957 2688 3019 rixantibus
2723 2980 2828 3018 sa-

271 3055 568 3131 pervenit
607 3089 677 3101 ·-—
720 3060 848 3120 677.
927 3065 1085 3131 Quos
1125 3087 1299 3137 quum
1339 3069 1647 3134 monuerit,
1690 3074 1776 3120 ne'
1801 3078 2149 3118 communem
2189 3056 2554 3110 calamitatem
2591 3055 2828 3126 privatis

277 3158 512 3219 augeant
547 3150 763 3223 jurgiiS‚
806 3173 915 3208 una
955 3177 1081 3211 cum
1123 3159 1304 3215 Choro
1347 3164 1624 3235 Oedipum
1663 3161 1942 3232 hortatur,
1988 3163 2054 3209 ut
2085 3153 2375 3206 Creontem
2403 3149 2528 3222 jure
2564 3148 2826 3222 jur-ande,

279 3262 334 3295 se
373 3239 458 3296 nil
499 3247 629 3297 mali
669 3248 882 3316 moliri,
924 3251 1254 3311 obstrictum
1295 3276 1367 3312 ne
1404 3257 1753 3330 proditorem
1789 3252 2015 3318 habeat,
2054 3263 2195 3301 neve
2228 3244 2299 3298 ob
2338 3242 2825 3321 incertam-suspi-

343 3448 385 3510 1)
423 3451 491 3499 cf.
526 3452 805 3503 Hermann.
835 3457 902 3515 ad
936 3457 1066 3510 oed.
1101 3463 1164 3510 R.
1195 3461 1313 3515 425.
