2974 3877
257 895 378 974 De
429 892 717 999 Oedipi
767 893 1003 999 Regis
1058 891 1370 968 fabulae
1408 904 1867 994 argumento
1921 908 1994 971 et
2025 898 2601 997 compositione.

152 1208 686 1332 circumspicienti
716 1258 873 1327 mihi,
913 1274 1149 1329 quanam
1173 1272 1235 1307 re
1272 1252 1597 1307 mandatum
1639 1255 1912 1311 examinis
1943 1257 2232 1313 indicendi
2270 1261 2557 1331 negotium
2596 1262 2706 1317 rite

152 1373 512 1425 exsequerer,
568 1355 737 1408 simul
787 1354 1034 1427 juvenes
1086 1357 1302 1402 nostros
1351 1348 1412 1401 in
1467 1347 1809 1419 optimarum
1864 1351 2069 1404 artium
2120 1351 2312 1422 studio
2363 1353 2703 1426 adjuvarem,

151 1466 349 1520 operae
386 1448 567 1501 visum
609 1462 688 1501 est
724 1446 865 1498 mihi
898 1445 1019 1498 sore
1058 1442 1320 1516 prelium,
1361 1442 1408 1521 si
1446 1442 1800 1498 artificiosam
1828 1445 2031 1518 Oedipi
2069 1446 2234 1517 Regis
2266 1448 2703 1520 dispositionem,

147 1542 484 1615 pendentem
523 1562 553 1597 a
589 1542 822 1598 consilio
861 1547 1083 1614 poetae,
1129 1538 1380 1592 breviter
1431 1554 1778 1609 exponerem.
1859 1536 2230 1618 Quam-enim
2276 1539 2522 1595 fabulam
2573 1541 2705 1597 licet

148 1635 257 1690 hoc
286 1636 408 1709 ipso
453 1655 600 1690 anno
638 1655 765 1691 cum
804 1634 974 1707 primi
1010 1632 1226 1686 ordinis
1265 1632 1555 1705 discipulis
1592 1632 1952 1703 perlegerim,
1994 1642 2049 1688 et
2085 1634 2234 1689 inter
2270 1635 2567 1706 legendum
2602 1636 2704 1691 hos

148 1750 247 1802 ego
274 1732 443 1785 semel
479 1733 797 1801 iterumque
834 1729 1168 1794 monuerim,
1207 1747 1292 1794 ne,
1333 1728 1467 1781 dum
1508 1726 1741 1797 singulis
1774 1726 1941 1779 rebus
1979 1735 2036 1780 et
2070 1728 2259 1783 verbis
2297 1728 2702 1800 detinerentur,

149 1823 418 1893 egregiam
461 1822 579 1894 ejus
621 1822 1075 1893 compositionem
1111 1818 1495 1893 negligerent,-
1511 1840 1709 1876 vereor
1746 1829 1951 1889 tamen,
1988 1829 2055 1875 ut
2092 1841 2294 1890 omnes,
2321 1842 2502 1895 *quam
2538 1835 2704 1899 poeta

145 1918 209 1971 in
248 1906 483 1988 singulis
524 1917 780 1990 partibus
835 1928 959 1990 apte
1010 1917 1373 1972 contexendis
1426 1913 1792 1972 collocaverit
1834 1925 2045 1985 artem,
2096 1916 2231 1969 satis
2273 1913 2518 1972 habeant
2568 1938 2702 1991 per-

149 2021 402 2086 spectam.
479 2012 788 2066 Attendant
823 2012 997 2083 igitur
1036 2021 1091 2066 et
1121 2012 1475 2084 perpendant
1505 2030 1585 2081 ea,
1628 2027 1770 2080 quae
1798 2009 1912 2082 jam
1939 2009 2008 2064 de
2037 2019 2364 2080 argumento
2395 2020 2450 2065 et
2475 2030 2701 2084 compo-

149 2106 350 2159 sitione
404 2104 606 2177 Oedipi
648 2104 813 2176 Regis
858 2113 1127 2175 tanquam
1163 2104 1227 2158 in
1264 2125 1379 2161 uno
1431 2113 1729 2177 conspectu
1779 2123 1902 2159 sum
1950 2107 2265 2176 posituruS,
2322 2104 2521 2177 hisque
2568 2125 2701 2178 per-

147 2202 331 2274 pensis
380 2200 584 2254 iterent
635 2201 853 2254 fabulae
904 2200 1217 2260 lectionem.
1307 2201 1396 2258 Ita
1446 2219 1609 2273 spero
1664 2200 1949 2264 futurum,
2001 2208 2067 2253 ut
2117 2200 2181 2252 in
2229 2206 2426 2270 poetae
2480 2218 2699 2254 sensum

151 2304 503 2365 mentemque
538 2293 784 2366 penitius
822 2293 1093 2349 intrantes
1131 2314 1201 2350 ex
1252 2314 1349 2362 ec,
1404 2303 1679 2365 quantum
1722 2293 1956 2366 quisque
1991 2312 2092 2366 per
2132 2294 2343 2366 ingenii
2380 2295 2700 2350 facultatem

152 2399 321 2462 atque
359 2389 576 2445 cultum
613 2389 813 2458 valeat,
862 2391 1084 2464 capiant
1122 2390 1483 2446 emolumenti
1521 2388 1690 2444 simul
1728 2397 1782 2442 et
1817 2387 2146 2461 voluptatis.

389 2478 703 2558 Oedipum
755 2479 1043 2546 edoctum
1084 2481 1244 2562 ‘qais
1299 2484 1419 2554 sit,
1498 2492 1561 2542 et
1623 2502 1781 2562 qaae
1819 2479 2130 2561 facinora
2179 2484 2604 2562 perpetrarit,
2668 2495 2702 2545 e'

153 2594 393 2637 summo
401 2570 752 2653 felicitatis
775 2575 997 2655 gracia
1035 2575 1104 2634 in
1132 2589 1480 2639 extremam
1517 2579 1841 2638 miseriam
1881 2576 2071 2651 dejici
2106 2581 2311 2651 fabula,
2353 2582 2422 2638 de
2447 2602 2556 2655 qua
2581 2584 2700 2656 agi-

153 2694 308 2754 mus,
349 2674 665 2729 ostenditur
711 2668 782 2746 1).
859 2675 987 2740 Quo
1025 2687 1402 2752 argumento
1438 2680 1554 2733 sive
1594 2673 1885 2734 miseriae
1918 2676 2012 2730 vel
2063 2673 2374 2752 originem
2417 2677 2510 2729 vel
2562 2695 2701 2733 ma-

141 2762 569 2842 gnitudinem,
606 2766 722 2821 sive
747 2763 961 2822 virum
996 2768 1201 2825 animi
1214 2771 1646 2848 generositate
1684 2769 2085 2829 excellentem
2121 2778 2185 2825 et
2223 2769 2293 2825 in
2331 2769 2704 2831 reluctando

138 2853 387 2935 fortem
435 2861 792 2934 spectaveris‚
841 2863 997 2917 haud
1050 2866 1211 2919 facile
1252 2867 1413 2921 aliud.
1448 2869 1735 2936 invenies,
1789 2868 1943 2939 quod.
1993 2868 2065 2919 sit
2112 2867 2376 2938 grandius
2426 2878 2480 2922 et
2531 2872 2701 2940 magis

151 2952 443 3023 tragicum.
521 2951 792 3007 Acerbam
830 2973 992 3025 sane,
1053 2977 1163 3030 qua
1199 2979 1315 3015 non
1351 2963 1542 3034 potuit
1580 2963 1944 3032 acerbiorem,
1983 2980 2174 3017 rerum
2212 2964 2699 3019 commutationem

152 3046 399 3118 Oedipus
437 3056 517 3103 est
567 3068 870 3122 perpessus,
957 3051 1056 3107 Cui
1112 3055 1256 3109 enim
1307 3076 1409 3129 per
1447 3065 1623 3112 totam
1672 3058 1790 3113 fere
1841 3055 2016 3110 vitam
2066 3061 2194 3108 ante
2245 3062 2423 3111 actam
2470 3055 2700 3112 fortuna

150 3141 288 3196 adeo
326 3141 389 3195 in
426 3141 550 3197 loco
590 3145 1026 3219 obsecundaret,
1067 3158 1135 3204 ut
1166 3151 1435 3207 infantem
1471 3154 1584 3228 jam
1624 3151 1737 3226 jam
1773 3148 2089 3222 periturum
2128 3155 2399 3215 servaret,
2440 3148 2698 3206 adultum

150 3238 367 3311 patriae
402 3245 740 3293 servatorem
774 3241 1005 3315 faceret,
1046 3245 1178 3301 dein
1212 3245 1425 3303 honore
1463 3248 1649 3323 regio,
1689 3243 1905 3317 opibus,
1941 3239 2156 3294 civium
2194 3239 2408 3309 studiis,
2448 3242 2697 3316 conjuge,

172 3461 259 3526 .,¹)
293 3463 479 3533 Oedip.
510 3469 576 3520 R.
608 3470 746 3525 1524
775 3466 1010 3524 aeteae?
1039 3471 1292 3533 Οἰδίπους
1321 3469 1411 3527 ὅδε
1431 3500 1493 3515 -
1517 3474 1592 3534 εἰς
1620 3469 1752 3529 ὅσον
1781 3469 2042 3526 κλύδωνα
2074 3471 2252 3536 δεινῆς
2274 3471 2557 3534 συμφορᾶς
2579 3468 2700 3536 &MJ—

274 3548 461 3601 λυθεν.
494 3550 565 3601 cf.
594 3560 885 3617 argument.
922 3555 1131 3606 secund.
1160 3557 1217 3607 in
1248 3556 1501 3608 Wunderi
1535 3557 1659 3610 edit.
2115 3614 2152 3677 1
