2974 3877
1303 75 1370 85 .-
1492 41 1568 100 14
1681 78 1756 89 —

395 196 452 267 3)
482 189 783 269 ‘Oedipus
829 192 1157 251 Creontem
1198 191 1741 271 supervenientem
1768 191 2036 268 placare
2074 191 2286 251 studet
2327 203 2404 262 et,
2445 210 2601 271 qnae
2634 188 2805 247 anti-

251 286 552 367 quissima
605 284 825 355 habet,
883 288 1284 345 veliementer
1338 294 1549 362 rogat.
1590 316 1665 328 ·--
1706 288 1867 344 1523.
1949 288 2105 354 Quae
2163 288 2550 341 desiderantur
2606 285 2806 352 adhuc,

254 381 613 453 adjiciuntur.
697 380 948 451 Oedipus
988 401 1113 434 cum
1158 384 1390 437 Creonte
1443 384 1505 435 in
1544 383 1775 453 gratiam
1819 385 1996 450 redit,
2054 402 2286 454 eumque
2326 382 2706 445 adhortatur,
2744 390 2809 433 ut

255 497 310 530 se
349 476 533 547 patria
571 473 784 542 ejiciat,
832 476 1075 528 locastae
1121 478 1484 547 sepulchrum
1535 478 1699 528 faciat
1737 485 1790 528 et
1828 476 2072 529 filiarum
2127 495 2316 529 curam
2357 474 2574 531 habeat,
2655 460 2808 538 Quas

258 569 534 638 Oedipus,
577 576 641 619 ut
680 567 891 631 voluit,
935 568 1195 621 admissas
1232 572 1652 624 commiseratur
1693 580 1747 623 et
1788 572 2035 625 Creontis
2087 572 2214 624 fidei
2266 572 2469 623 iterum
2528 586 2810 621 commen-

257 665 415 718 datas
466 672 621 735 patre
676 663 949 716 feliciores
1000 684 1110 717 esse
1168 675 1343 736 optut.
1421 669 1466 719 A
1521 667 1752 718 Creonte
1794 665 1994 718 deinde
2033 665 2093 717 in
2131 683 2280 736 spem
2320 664 2621 729 adductus,
2674 662 2809 729 fore,
2884 679 2888 681 “

259 768 322 811 ut
362 776 495 809 mox
535 775 563 810 e
599 756 778 827 patria
816 757 1088 826 pellatur,
1135 754 1278 812 filias
1321 761 1572 830 quamvis
1612 759 1824 811 invitus
1865 758 2128 825 dimittit,
2170 768 2223 812 et
2260 760 2317 810 in
2357 758 2581 811 domum
2621 774 2674 810 se
2713 753 2813 808 ab-

256 853 390 907 duci
436 852 667 922 patitur.
2401 883 2427 908 »

374 939 613 997 Chorus
653 943 711 995 in
753 942 862 995 fine
903 943 1149 1010 fabulae,
1195 946 1328 998 dum
1367 968 1552 1002 secum
1594 959 1843 1019 reputat,
1892 967 2055 1018 quem
2094 950 2282 1000 virum
2324 967 2393 1001 ex
2434 955 2644 1017 quanta
2683 944 2812 998 seli-

259 1041 422 1093 citate
463 1039 521 1090 iu
563 1046 826 1108 quautam
868 1037 1148 1091 miseriam
1190 1041 1395 1095 viderit
1445 1044 1747 1115 dejectum,
1788 1042 2089 1116 fragilitate
2129 1058 2316 1094 rerum
2368 1039 2663 1092 humarum
2701 1047 2814 1090 tam

259 1133 505 1204 graviter
562 1140 977 1195 commovetur,
1050 1141 1114 1185 ut
1172 1137 1443 1190 neminem
1496 1140 1850 1202 mortalium,
1900 1142 2026 1187 ante
2081 1150 2245 1202 quam
2303 1131 2537 1197 obierit,
2598 1132 2815 1183 beatum

264 1223 696 1297 praedicandum
740 1224 1056 1282 contendat.
1101 1257 1165 1268 -
1213 1230 1374 1291 1530·
