2974 3877
1284 90 1699 151 -2-,4—

207 254 444 304 naturae
469 266 609 309 suae
647 265 782 329 non
803 249 938 306 satis
971 252 1169 303 cautus
1203 241 1440 298 humani
1481 242 1697 314 aliquid
1742 249 2056 320 admiserit,
2095 260 2413 325 tempestate
2448 257 2777 329 necopinata

209 359 543 415 oppressum
580 345 867 413 videmus,
906 340 1110 397 moniti
1147 346 1215 401 de
1260 356 1453 397 rerum
1494 346 1817 396 nostrarum
1853 343 2255 413 inconstantia,
2307 365 2371 400 eo
2411 349 2588 419 magis
2626 357 2781 408 metu

209 443 262 489 et
301 435 786 495 commiseratione
824 438 1146 508 obrepimur
1165 476 1182 505 ,
1236 452 1348 506 quo
1401 434 1590 492 minus
1635 435 1762 489 viro
1803 438 1892 490 illi
1932 439 2141 494 afflicto
2182 460 2635 513 exaequarenos
2675 459 2782 498 au-

210 527 426 587 demus.
502 532 698 606 Magna
735 533 909 606 igitur
948 552 1038 588 ars
1072 541 1269 606 poetae
1309 529 1374 584 in
1425 549 1491 585 eo
1532 531 1812 598 cernitur,
1866 535 2019 603 quod
2055 553 2417 607 quaecunque
2463 535 2652 591 virum
2687 555 2782 593 re·
2830 608 2838 615 .

210 639 446 695 gemque
484 625 706 695 decent,
755 626 826 680 iis
867 626 1145 700 Oedipum
1182 624 1484 698 insignem,
1544 644 1726 697 neque
1759 636 1946 687 tamen
1982 630 2050 683 ab
2090 631 2346 688 omnibus
2381 631 2636 705 partibus
2683 634 2784 687 ab·
2837 613 2841 618 ¹

211 718 466 773 solutum
520 730 576 775 et
617 739 848 794 prorsus
901 721 1026 777 labe
1079 722 1384 776 immunem
1440 738 1551 776 esse
1609 721 1873 783 voluerit,
1960 723 2288 782 Introduxit
2337 747 2462 782 eum
2502 726 2782 783 sollertem

212 823 380 886 atque
420 818 722 890 impigrum
743 858 761 887 ,
805 819 904 889 qui
944 837 1087 890 quae
1127 837 1267 891 opus
1305 826 1486 871 essent
1525 815 1783 870 celeriter
1820 816 2135 886 inveniret,
2176 819 2516 890 inventaque
2554 827 2782 874 strenue

214 919 648 979 exsequeretur,
686 911 984 984 probitatis
1027 921 1082 966 et
1115 910 1364 983 justitiae
1403 920 1682 977 tenacem,
1727 910 2032 965 sollicitum
2071 932 2256 984 aeque.
2282 913 2351 966 ‹le
2399 913 2646 965 civitatis
2685 932 2781 966 sa-

211 1001 362 1070 lute,
419 1020 486 1057 ac
520 1013 704 1060 rectae
747 1006 820 1059 ad
858 1024 979 1063 eam
1017 1007 1144 1062 viae
1183 1007 1463 1082 peritum,
1523 1011 1868 1060 constantem
1903 1003 2145 1075 denique
2184 1014 2240 1057 et
2272 1005 2472 1060 sortem
2514 1005 2576 1058 in
2615 1006 2782 1059 rebus

212 1096 476 1153 adversis.
546 1096 717 1163 Quod
758 1100 928 1154 multi
965 1097 1288 1169 voluerunt,
1328 1100 1522 1156 nullus
1560 1100 1766 1172 potuit,
1810 1099 2061 1171 Oedipus
2102 1099 2361 1154 acumine
2398 1101 2609 1172 ingenii
2647 1101 2780 1161 effe·

215 1192 325 1261 cit,
381 1202 449 1246 ut
501 1194 686 1247 soluto
727 1196 1032 1267 aenigmate
1070 1199 1269 1251 urbem
1308 1216 1341 1251 a
1379 1193 1638 1267 Sphingis
1676 1192 2069 1249 vexationibus
2118 1192 2387 1246 liberaret
2432 1192 2491 1261 ¹).
2568 1193 2782 1252 Deinde

212 1304 318 1339 rex
344 1288 542 1356 factuS,
580 1290 870 1360 republica
897 1309 1016 1345 non
1045 1294 1117 1345 ad
1142 1312 1316 1362 suam,
1355 1293 1450 1347 sed
1484 1293 1555 1346 ad
1583 1310 1929 1345 communem
1959 1289 2263 1345 utilitatem
2302 1276 2688 1368 administrata
2714 1290 2781 1357 2),

214 1381 349 1435 adeo
393 1383 605 1437 civium
643 1386 858 1440 animos
909 1388 1018 1442 sibi
1056 1388 1410 1456 conciliavit,
1458 1395 1527 1441 ut
1577 1386 1641 1438 in
1685 1404 1746 1439 eo
1788 1385 1904 1437 solo
1946 1402 2092 1456 spem
2135 1367 2341 1436 certam
2379 1383 2575 1435 salutis
2613 1402 2782 1455 repo-

213 1474 379 1530 sitam
416 1474 690 1532 haberent
733 1478 799 1553 3),
881 1480 1107 1551 Quam,
1163 1493 1439 1556 quantum
1477 1483 1540 1537 in
1578 1483 1694 1556 ipso
1737 1490 1854 1537 crat
1891 1481 2090 1550 situm,
2146 1499 2262 1536 non
2303 1479 2515 1538 fefellit,
2591 1479 2782 1551 Neque

216 1570 383 1640 enim,
425 1591 604 1644 quum
643 1576 837 1629 multis
866 1579 1041 1648 anniS,
1080 1580 1378 1652 postquam
1416 1599 1520 1635 rex
1559 1587 1679 1632 erat
1718 1579 1911 1644 factuS,
1950 1575 2146 1629 urbem
2183 1574 2340 1645 gravi
2376 1575 2571 1628 morbo
2610 1574 2781 1634 deva,-

215 1665 352 1717 stari
393 1666 643 1737 videret,
710 1672 986 1739 quaesivit
1023 1677 1301 1747 quomodo
1341 1677 1459 1748 ipse
1497 1694 1551 1729 se
1591 1684 1877 1740 servaret,
1925 1674 2019 1728 sed
2058 1674 2210 1728 unde
2249 1672 2465 1726 civibus
2503 1670 2645 1738 suis,
2703 1669 2780 1721 li-

213 1758 481 1813 berorum
521 1762 701 1816 instar
742 1766 963 1820 dilectis
996 1768 1076 1841 4),
1116 1771 1396 1840 praesidio
1437 1788 1555 1822 esse
1590 1778 1786 1841 posset.
1863 1768 1945 1821 De
1972 1787 2085 1838 quo
2116 1766 2350 1820 simulac
2381 1764 2607 1819 oraculo
2649 1781 2777 1823 cer.-

214 1853 329 1907 tior
369 1864 449 1909 est
487 1858 681 1928 factus,
725 1880 945 1916 causam
981 1864 1262 1916 malorum
1300 1864 1421 1936 Laji
1452 1882 1565 1915 esse
1589 1864 1811 1915 caedem
1845 1859 1911 1934 ⁵),
1952 1879 2125 1931 eaque
2151 1858 2434 1935 vindicata
2461 1856 2659 1910 urbem
2681 1875 2781 1910 re-

216 1950 589 2022 spiratui-am,
629 1973 1011 2026 percussorem
1051 1959 1191 2013 (liris
1228 1960 1494 2013 devotum
1537 1957 1693 2010 omni
1737 1956 1899 2009 modo
1935 1953 2381 2027 investigandum
2421 1948 2672 2019 curavit,
2713 1959 2780 2005 ut

215 2064 464 2116 poenam.
496 2049 563 2100 ab
605 2068 666 2103 eo
705 2061 986 2123 repeteret
1023 2054 1311 2124 scelusque
1352 2053 1606 2125 expiaret
1638 2052 1734 2120 ⁶)3·
1764 2070 1943 2122 neque
1982 2062 2119 2104 tunc
2158 2050 2405 2122 quidem,
2444 2047 2597 2118 quod
2625 2065 2777 2110 sum-‚-

216 2158 371 2194 mum
407 2139 678 2196 habemus
713 2144 959 2218 justitiae
1000 2156 1054 2200 et
1093 2146 1436 2201 constantiae
1475 2146 1913 2211 documentum,
1968 2145 2036 2197 ab
2076 2142 2500 2214 investigatione
2531 2139 2773 2208 recessit,

218 2254 395 2307 quum
433 2257 491 2292 se
532 2238 718 2310 ipsum
759 2242 1059 2297 occisorem
1097 2244 1505 2316 deprehensum
1542 2242 1618 2294 iri
1655 2240 1840 2294 auimo
1878 2238 2216 2311 praesagiret
2244 2239 2307 2306 ⁷).
2388 2234 2576 2304 Quid,
2625 2235 2779 2307 quod

217 2349 393 2400 quum
433 2331 614 2403 palam
656 2343 796 2389 esset
833 2335 1072 2406 factum,
1127 2358 1162 2393 a
1217 2358 1275 2392 se
1313 2337 1513 2410 Lajum
1555 2355 1668 2390 esse
1704 2336 2092 2402 interfectum,
2143 2353 2261 2403 non
2306 2333 2614 2400 recusavit,
2666 2350 2776 2404 quo

217 2427 431 2495 minus,
475 2446 615 2499 quae
670 2428 880 2485 inscius
916 2432 981 2494 in
1020 2452 1076 2487 se
1112 2453 1177 2489 ac
1215 2451 1379 2490 suum
1418 2440 1589 2503 caput
1627 2431 1965 2502 imprecatus
2004 2434 2141 2495 erat,
2180 2426 2329 2480 mala
2363 2424 2577 2480 subiret
2614 2433 2778 2497 atque

216 2521 507 2591 perferret.
594 2522 781 2577 Talem
832 2523 1008 2594 igitur
1058 2525 1283 2595 virum,
1337 2526 1717 2597 tamegregiis
1754 2525 2065 2581 virtutibus
2120 2523 2436 2596 praeditum
2491 2541 2664 2597 quum
2714 2521 2779 2577 in

218 2618 430 2673 crimen
476 2619 905 2693 periculumque
956 2623 1149 2677 vocari
1200 2624 1458 2678 viderent
1502 2632 1863 2695 spectatores,
1917 2639 2036 2673 non
2080 2625 2373 2691 poterant,
2430 2617 2567 2689 quin
2604 2626 2776 2686 metu,

219 2715 490 2785 quamdiu
530 2717 741 2770 malum
778 2718 1130 2787 immineret,
1186 2737 1473 2791 quumque
1513 2720 1749 2787 adesset,
1793 2713 2177 2769 misericordia
2219 2719 2598 2768 moverentur.
2666 2712 2777 2766 Ec·-

219 2823 386 2876 quem
424 2807 574 2861 enim
609 2815 726 2862 tam
764 2804 1013 2864 ferreum
1055 2813 1223 2867 fuisse
1270 2822 1563 2886 putemus,
1616 2821 1683 2865 ut
1740 2829 1905 2883 quem
1961 2806 2135 2863 animi
2183 2804 2503 2878 ingeniique
2553 2805 2778 2861 dotibus

217 2902 578 2956 excellentem
619 2912 674 2957 et
713 2905 782 2959 de
824 2905 1010 2976 patria
1047 2908 1254 2979 optime
1290 2907 1552 2963 meritum
1594 2903 1963 2977 cognovisset,
2010 2918 2138 2954 eum
2177 2917 2293 2953 non
2328 2898 2542 2967 doleret
2571 2898 2779 2954 -miser-

217 2996 426 3049 rimum
461 2995 632 3049 fieri?
675 2997 833 3053 Certe
874 3018 990 3052 non
1027 2986 1171 3070 eum,
1212 3003 1311 3074 qui
1348 3002 1514 3057 homo
1553 3010 1716 3056 natus
1754 2996 1902 3054 nihil
1939 2993 2177 3051 humani
2213 3013 2245 3050 a
2281 3012 2337 3048 se
2381 2993 2624 3052 alienum
2663 3014 2777 3052 esee

216 3092 482 3150 voluerit,
535 3091 717 3145 Multo
756 3095 928 3166 magis
970 3095 1284 3152 timendum
1319 3109 1416 3168 est,
1453 3117 1524 3153 ne
1562 3098 1688 3170 quis
1724 3094 1832 3150 sibi
1868 3088 2215 3166 persuadeat,
2258 3087 2537 3163 Oedipum
2572 3090 2776 3147 inexo-

284 3327 326 3389 ¹)
358 3330 490 3380 Ocd.
520 3333 584 3380 R.
616 3330 718 3382 891
738 3332 909 3384 -898
939 3330 1151 3384 ἔπαυσά
1179 3350 1270 3384 νιν
1297 3331 1485 3397 γνώμῃ
1515 3332 1771 3399 κυρήσας.
1851 3329 1898 3390 2)
1946 3329 2082 3385 Oed.
2112 3331 2178 3383 R-
2224 3328 2295 3381 02
2313 3330 2462 3383 -62
2541 3329 2586 3391 ⁸)
2612 3305 2772 3385 ·Oed.

337 3414 401 3461 R..
431 3412 515 3462 46.
579 3411 623 3471 ⁴)
655 3411 783 3462 oed.
814 3417 878 3466 R.
907 3415 941 3464 1
975 3405 1021 3463 ὦ
1050 3413 1313 3468 thera-'28
1344 3406 1390 3466 ὦ
1419 3419 1605 3472 παῖδες
1639 3420 1709 3467 cf.
1740 3416 1825 3467 08.
1856 3413 1945 3466 ⁹4.
1988 3408 2030 3471 ⁸)
2054 3409 2182 3460 0011·
2204 3412 2268 3460 R·
2294 3405 2527 3462 96-98.
2573 3409 2616 3474 ⁶)
2635 3414 2769 3464 Oed-

338 3493 403 3541 R..
437 3491 556 3542 286.
621 3488 664 3550 ²)
703 3492 832 3543 Oed.
863 3495 936 3543 R.
967 3495 1104 3547 llw
1130 3492 1364 3559 u’ci'ycor’
1392 3493 1641 3558 ἀκούειν,
1675 3493 1800 3550 ἀλλ’
1834 3489 1976 3557 ὅμως
2005 3486 2305 3546 ἀκουστέον
2335 3494 2406 3546 of·
2434 3494 2588 3549 1076·
2764 3504 2774 3513 ’
