2974 3877
1268 150 1342 161 .....
1457 113 1498 172 6
1616 147 1688 160 ...-

199 270 334 325 Viro
378 271 528 326 enim
566 281 748 328 cetera
788 274 1006 349 egregio
1047 273 1292 326 animum
1334 267 1690 335 iracundum„
1728 270 2064 343 suspicacem
2103 280 2159 325 et
2199 273 2501 345 superbum
2534 272 2771 342 addidit,

188 374 406 445 quibus
446 373 602 425 vitiis
644 372 741 425 ille
782 370 1002 423 fatalem
1041 368 1147 421 sibi
1190 363 1469 418 miseriam
1517 364 1850 418 acceleraret
1900 374 2243 436 augeretque.
2321 364 2622 419 Iracundia
2662 386 2769 420 ex-

203 483 361 539 affls
397 463 699 527 hominem,
746 481 908 531 quem
950 458 1172 530 quidem
1211 458 1408 530 Lajum
1448 476 1561 511 esse
1601 459 1896 527 nesciebat,
1940 461 2162 533 ejusque
2199 462 2424 516 comites
2462 462 2671 515 occidit
2704 461 2769 532 1).

204 559 377 633 Cujus
416 557 580 611 caede
618 575 791 628 quum
832 555 1005 606 satum
1043 552 1193 623 quasi
1234 560 1602 625 provocasset,
1642 550 1828 609 eadem
1872 552 2073 606 deinde
2109 553 2401 608 iracundia
2440 562 2497 606 et
2535 555 2605 607 ad
2645 570 2770 607 sus-

203 652 510 727 picandum
548 649 905 723 proclivitate
945 646 1139 714 effecit,
1184 659 1245 699 ut
1287 666 1651 719 quaecunque
1691 647 1761 699 ad
1808 649 2087 703 miseriam
2126 650 2231 703 sibi
2269 650 2565 722 instantem
2597 669 2770 704 aver-

203 749 442 804 tendam·
471 746 801 812 moliretur²
846 753 1000 795 secus
1050 743 1341 813 caderent,
1405 764 1470 797 ac
1509 744 1784 799 voluerat.
1881 745 2024 797 Nam
2079 745 2358 800 Tiresiam
2406 754 2590 799 vatem
2625 742 2676 819 2)
2718 751 2774 798 et

205 842 531 907 Creontem,
570 837 765 891 uxoris
817 839 1049 891 fratrem
1095 832 1171 910 ³),
1232 838 1292 889 in
1331 840 1700 912 suspicionem
1751 840 1917 893 semel
1955 849 2213 906 vocatos»,
2275 858 2386 912 quo
2426 848 2548 893 erat
2583 839 2770 893 animo

200 938 374 1001 irato,
431 952 531 1005 per
585 932 718 984 falsa
779 931 1013 983 crimina
1064 942 1118 984 et
1172 934 1539 986 contumelias
1586 934 1873 1003 minasque
1929 934 2164 1004 superbe
2203 934 2437 1004 ingestas
2472 932 2770 1004 permovit,

199 1042 264 1084 ut
306 1031 375 1082 ad
418 1028 788 1098 suspicionem
829 1045 858 1077 a
899 1045 953 1079 se
993 1028 1356 1080 amovendam
1396 1028 1674 1093 facinora,
1728 1044 1868 1097 quae
1908 1025 2117 1079 inscius
2153 1036 2552 1099 perpetrasset,
2612 1027 2772 1081 dete—

201 1145 329 1196 gere
368 1124 710 1179 festinarent,
791 1121 968 1188 Quid,
1024 1122 1177 1192 quod
1231 1142 1300 1175 ne
1357 1142 1389 1176 a
1446 1123 1554 1175 diis
1596 1122 1821 1193 quidem
1859 1120 2231 1191 suspicionem
2271 1140 2426 1175 suam
2468 1129 2635 1190 atque
2674 1120 2767 1172 in-

199 1219 494 1271 solentiam
534 1216 791 1269 cohibere
830 1215 1132 1280 sustinuit3
1191 1236 1318 1268 nam
1357 1217 1436 1269 ita
1475 1218 1717 1270 Jocastae
1755 1218 2114 1270 oraculorum
2151 1216 2454 1270 vanitatem
2492 1214 2770 1287 jactitanti

200 1312 466 1378 indulsit,
523 1320 587 1363 ut
622 1312 688 1362 ab
732 1328 792 1362 ea
831 1310 938 1362 sibi
975 1311 1192 1380 imponi
1231 1330 1450 1381 passus,
1497 1313 1564 1365 de
1606 1315 1840 1365 deorum
1879 1310 1990 1361 fide
2019 1309 2427 1372 subdubitaret,
2468 1328 2771 1379 eorumque

200 1413 374 1458 sortes
408 1403 910 1478 tanquam-inanes
950 1404 1295 1473 aliquamdiu
1334 1412 1618 1475 sperneret
1657 1413 1708 1455 et
1749 1423 1852 1475 pro
1893 1405 2074 1456 nihilo
2102 1403 2334 1458 haberet
2366 1404 2434 1472 4).
2512 1405 2770 1472 Denique

203 1519 379 1571 quum
422 1518 524 1552 nec
575 1499 928 1570 Apollinem,
983 1516 1083 1550 nec
1135 1498 1401 1550 Tiresiam
1442 1499 1705 1551 mentitos
1744 1517 1856 1551 csse
1897 1499 2265 1572 cognorisset,
2316 1498 2668 1551 iracundiam
2707 1497 2770 1549 in

202 1601 373 1646 semet
408 1592 591 1663 ipsum
628 1591 816 1670 vertit,
858 1591 925 1641 ab
965 1609 1136 1659 eaque
1178 1591 1438 1662 abreptus
1474 1611 1670 1663 parum
1707 1592 1924 1660 habuit,
1966 1612 2168 1665 poenas
2208 1595 2327 1666 Laji
2363 1594 2598 1646 occisori
2633 1611 2770 1646 con·-

201 1691 428 1742 stitutas
454 1688 636 1753 luisse,
677 1687 791 1737 nisi
819 1686 1008 1737 oculos
1032 1685 1138 1736 sibi
1170 1687 1325 1737 ultro
1352 1686 1625 1738 effodisset
1661 1688 1727 1752 ⁵).
1770 1686 1912 1750 Quis
1941 1704 2056 1737 non
2081 1685 2254 1753 videt,
2294 1683 2428 1737 haec
2456 1684 2665 1754 egregie
2689 1684 2771 1746 ita

204 1803 236 1836 a
276 1780 549 1851 Sophocle
588 1798 699 1831 esse
739 1778 1026 1844 instituta,
1070 1787 1136 1830 ut
1173 1779 1320 1830 nihil
1359 1798 1551 1830 eorum
1592 1779 2034 1845 desideraretur,
2091 1798 2232 1850 quae
2272 1780 2342 1832 ad
2380 1798 2605 1849 gravem
2647 1787 2767 1831 tra-
2807 1781 2812 1786 ’

204 1874 429 1945 goediae
470 1872 636 1922 finem
676 1869 1070 1939 requiruntur.
1147 1870 1286 1922 Nam
1332 1890 1506 1941 quum
1549 1865 1796 1942 Oedipus
1840 1872 1909 1923 ob
1949 1872 2226 1946 majorum
2260 1873 2547 1945 piaculum
2595 1873 2769 1927 mise·

200 1970 319 2021 riae
359 1966 666 2019 destinatus
705 1984 820 2016 non
857 1965 975 2017 sine
1015 1984 1113 2017 sua
1156 1965 1321 2035 culpa
1360 1965 1422 2017 in
1458 1966 1765 2037 perniciem
1802 1975 1949 2034 ruat,
1994 1966 2246 2038 suspensi
2284 1967 2434 2020 inter
2471 1985 2622 2038 spem
2648 1985 2767 2022 me·-

200 2074 434 2133 tumque
469 2063 659 2114 virum
703 2070 783 2113 lot
823 2060 1102 2129 tantisque
1147 2060 1458 2113 virtutibus
1509 2061 1782 2131 insignem
1833 2061 1896 2112 in
1935 2061 2187 2133 periculo
2239 2059 2482 2127 versari,
2545 2069 2599 2114 et
2639 2078 2767 2114 cum

199 2173 429 2223 summo,
453 2161 645 2206 nostro
686 2152 881 2205 dolore
919 2151 1228 2204 calamitate
1269 2152 1543 2207 ass'lictum
1581 2155 1861 2224 videmuS,
1917 2174 2097 2226 neque
2138 2175 2209 2209 ex
2247 2163 2499 2209 veterum
2541 2156 2769 2226 quidem

199 2232 483 2322 cogitandi
524 2248 908 2317 sentiendique
945 2247 1165 2301 ratione
1205 2248 1413 2317 satum,
1454 2251 1607 2320 quod
1646 2250 1839 2303 fecerit
1876 2249 2118 2321 injuste,
2162 2249 2419 2302 incusare
2456 2266 2764 2318 possumus,

427 2345 533 2395 Sed
573 2343 838 2413 quoniam
877 2352 1280 2410 argumentum,
1321 2362 1488 2413 quam
1530 2345 1599 2396 ad
1638 2353 1849 2397 metum
1890 2352 1944 2397 et
1987 2343 2396 2397 miserationem
2434 2342 2766 2397 movendam

200 2440 274 2493 sit
309 2440 603 2505 idoneum,
642 2439 1024 2509 exposuimus,
1070 2439 1354 2506 reliquum
1396 2448 1491 2504 est,
1533 2448 1599 2491 ut
1638 2435 1715 2491 de
1754 2435 2195 2513 compositione
2221 2429 2496 2512 fabulae
2535 2443 2597 2491 et
2631 2432 2764 2491 sin-

193 2529 372 2607 gulis
409 2528 538 2603 ejus
572 2524 867 2604 partibus
907 2528 1191 2595 dicamus,
1244 2549 1384 2599 quae
1437 2550 1465 2583 e
1502 2550 1564 2584 re
1605 2532 1904 2586 videantur
1951 2551 2086 2590 esse.
2164 2533 2302 2584 Tota
2340 2531 2527 2583 fabula
2567 2530 2637 2583 ad
2677 2531 2764 2582 fa-

198 2628 368 2680 talem
408 2627 603 2679 domus
640 2624 1088 2677 Labdacidarum
1127 2624 1418 2679 interitum
1460 2628 1723 2698 pertinet.
1800 2627 2094 2678 Prioribus
2123 2624 2366 2677 oraculis
2406 2623 2474 2674 ab
2499 2621 2762 2693 Apolline

201 2720 423 2784 editis„
456 2731 696 2788 quorum
753 2736 931 2768 uuum
972 2738 1011 2768 a
1034 2710 1186 2790 filio
1224 2716 1458 2793 Lajum
1498 2721 1769 2777 occisum
1806 2718 1915 2790 iri,
1976 2721 2218 2773 alterum
2267 2736 2403 2771 vero
2452 2712 2762 2791 Oedipum

195 2810 408 2888 patris
447 2808 783 2866 occisorem
805 2802 958 2884 fore
996 2812 1349 2892 significavit,
1393 2817 1621 2873 additur
1659 2817 1921 2884 tertium,
1956 2821 2226 2891 pestem,
2268 2828 2427 2883 quae,
2467 2828 2578 2882 quo
2618 2819 2762 2865 tem-

264 3063 304 3124 1)
339 3067 471 3115 Oed.
493 3069 555 3114 R.
574 3065 689 3116 807.
720 3062 866 3114 παίω
895 3061 964 3115 δι’
993 3060 1177 3130 ὀργῆς.
1212 3066 1259 3125 2)
1280 3069 1409 3119 Oed.
1434 3073 1495 3120 R.
1526 3071 1628 3124 345
1650 3090 1790 3138 seqq.
1815 3070 1911 3121 καὶ
1930 3064 2035 3134 μῆν
2058 3064 2285 3132 παρήσω
2309 3061 2543 3130 γὀὖδὶεν,
2571 3060 2645 3120 ὥς
2665 3059 2759 3126 σ’ρ·

331 3151 434 3210 γῆς
465 3146 590 3209 ἔχω,
625 3141 761 3207 ἅπερ
798 3145 1025 3211 gurim&
1057 3151 1170 3205 i'ssz
1199 3149 1312 3212 γάρ
1346 3155 1525 3203 δοκῶν
1555 3154 1669 3216 ἐμοὶ
1699 3153 1794 3203 καὶ
1824 3152 2201 3213 ξυμφυτεῦόοη
2229 3144 2497 3211 τὀὔργθν·
2562 3145 2604 3206 ³)
2629 3144 2759 3196 02³·

319 3229 383 3274 R.
416 3228 519 3277 534
551 3224 752 3285 φονεύς
795 3223 874 3274 ὤν
914 3230 1073 3277 τοῦδε
1116 3225 1345 3291 τάνδρὸς
1375 3233 1628 3297 ἐμφανῶς
1671 3233 1867 3299 λῃστής
1896 3228 2175 3293 τέναρνὴς
2204 3233 2294 3292 τῆς
2338 3228 2462 3292 ἐμῆς
2502 3243 2758 3291 τυραννι-

320 3304 413 3360 δὸς
446 3325 587 3371 seqq.
621 3310 687 3355 cf.
721 3310 871 3358 1420.
934 3309 981 3366 4)
1015 3311 1142 3360 Oed.
1175 3316 1239 3361 R.
1273 3316 1389 3365 859.
1423 3319 1524 3367 964
1571 3334 1709 3380 seqq.
1754 3316 1822 3361 cf.
1854 3313 1958 3362 863
1983 3311 2163 3359 -9lo.
2241 3307 2286 3366 ⁵)
2336 3310 2463 3359 Oed.
2505 3311 2569 3358 R.
2620 3309 2757 3361 1269

321 3410 383 3421 -
422 3386 490 3434 79
542 3386 612 3432 cf.
656 3386 786 3433 Oed.
824 3386 938 3434 Col.
980 3388 1098 3437 438.
1131 3392 1215 3440 39.
1255 3390 1622 3453 κᾶμάνθανον
1650 3394 1746 3445 τὸν
1774 3389 1954 3451 θυμὸν
1983 3384 2320 3451 ἐκδραμόντα
2343 3406 2438 3450 μοι
2466 3388 2633 3449 usiam
2663 3407 2757 3441 κο·

322 3463 528 3528 laevir
558 3468 668 3515 τῶν
698 3466 821 3527 πρὶν
853 3462 1252 3532 ἡμαρτημένων.
1310 3491 1317 3499 ·
