<?xml version="1.0" encoding="UTF-8"?>
<!DOCTYPE html PUBLIC "-//W3C//DTD XHTML 1.0 Transitional//EN"
    "http://www.w3.org/TR/xhtml1/DTD/xhtml1-transitional.dtd">
<html xmlns="http://www.w3.org/1999/xhtml" xml:lang="en" lang="en">
 <head>
  <title>
</title>
<meta http-equiv="Content-Type" content="text/html;charset=utf-8" />
  <meta name='ocr-system' content='tesseract 3.04.00' />
  <meta name='ocr-capabilities' content='ocr_page ocr_carea ocr_par ocr_line ocrx_word'/>
</head>
<body>
  <div class='ocr_page' id='page_1' title='image "./4768547_0021.png"; bbox 0 0 2974 3877; ppageno 0'>
   <div class='ocr_carea' id='block_1_1' title="bbox 1268 79 1731 144">
    <p class='ocr_par' dir='ltr' id='par_1_1' title="bbox 1268 79 1731 144">
     <span class='ocr_line' id='line_1_1' title="bbox 1268 79 1731 144; baseline 0.004 -16"><span class='ocrx_word' id='word_1_1' title='bbox 1268 79 1731 144; x_wconf 66' lang='lat' dir='ltr'><strong>...u-</strong></span> 
     </span>
    </p>
   </div>
   <div class='ocr_carea' id='block_1_2' title="bbox 438 232 2780 318">
    <p class='ocr_par' dir='ltr' id='par_1_2' title="bbox 438 232 2780 318">
     <span class='ocr_line' id='line_1_2' title="bbox 438 232 2780 318; baseline 0.002 -23"><span class='ocrx_word' id='word_1_2' title='bbox 438 238 575 296; x_wconf 75' lang='lat' dir='ltr'><strong>Pars</strong></span> <span class='ocrx_word' id='word_1_3' title='bbox 611 238 709 300; x_wconf 86' lang='lat' dir='ltr'><strong>IV.</strong></span> <span class='ocrx_word' id='word_1_4' title='bbox 791 236 1071 318; x_wconf 75' lang='lat' dir='ltr'><em>Oedipus</em></span> <span class='ocrx_word' id='word_1_5' title='bbox 1111 255 1254 296; x_wconf 86' lang='lat' dir='ltr'><strong>cum</strong></span> <span class='ocrx_word' id='word_1_6' title='bbox 1287 238 1549 314; x_wconf 73' lang='lat' dir='ltr'><strong>Iocasta</strong></span> <span class='ocrx_word' id='word_1_7' title='bbox 1605 241 1668 293; x_wconf 79' lang='lat' dir='ltr'><strong>et</strong></span> <span class='ocrx_word' id='word_1_8' title='bbox 1713 232 2079 316; x_wconf 77' lang='lat' dir='ltr'><em>Apollinem</em></span> <span class='ocrx_word' id='word_1_9' title='bbox 2134 247 2198 298; x_wconf 76' lang='lat' dir='ltr'><strong>et</strong></span> <span class='ocrx_word' id='word_1_10' title='bbox 2259 234 2573 298; x_wconf 70' lang='lat' dir='ltr'><strong>Tiresiam</strong></span> <span class='ocrx_word' id='word_1_11' title='bbox 2616 257 2780 300; x_wconf 85' lang='lat' dir='ltr'><strong>vera</strong></span> 
     </span>
    </p>
   </div>
   <div class='ocr_carea' id='block_1_3' title="bbox 214 329 2779 596">
    <p class='ocr_par' dir='ltr' id='par_1_3' title="bbox 214 329 2779 596">
     <span class='ocr_line' id='line_1_3' title="bbox 216 329 2453 414; baseline 0.003 -24"><span class='ocrx_word' id='word_1_12' title='bbox 216 329 451 391; x_wconf 79' lang='lat' dir='ltr'><strong>dixisse</strong></span> <span class='ocrx_word' id='word_1_13' title='bbox 491 332 821 414; x_wconf 81' lang='lat' dir='ltr'><strong>intelligit.</strong></span> <span class='ocrx_word' id='word_1_14' title='bbox 860 338 969 395; x_wconf 87' lang='grc'><strong>911</strong></span> <span class='ocrx_word' id='word_1_15' title='bbox 998 366 1075 379; x_wconf 92' lang='grc'>-</span> <span class='ocrx_word' id='word_1_16' title='bbox 1107 333 1273 394; x_wconf 88' lang='grc'><strong>1185.</strong></span> <span class='ocrx_word' id='word_1_17' title='bbox 2445 391 2453 397; x_wconf 86' lang='grc'><em>,</em></span> 
     </span>
     <span class='ocr_line' id='line_1_4' title="bbox 369 420 2779 505; baseline 0.003 -24"><span class='ocrx_word' id='word_1_18' title='bbox 369 427 422 497; x_wconf 91' lang='grc'><strong>1)</strong></span> <span class='ocrx_word' id='word_1_19' title='bbox 457 423 753 484; x_wconf 72' lang='lat' dir='ltr'><strong>locastae</strong></span> <span class='ocrx_word' id='word_1_20' title='bbox 798 426 1119 505; x_wconf 85' lang='lat' dir='ltr'><strong>Clzoroque</strong></span> <span class='ocrx_word' id='word_1_21' title='bbox 1162 421 1426 482; x_wconf 82' lang='lat' dir='ltr'><strong>nuntius</strong></span> <span class='ocrx_word' id='word_1_22' title='bbox 1465 420 1828 482; x_wconf 69' lang='lat' dir='ltr'><strong>Corinthius</strong></span> <span class='ocrx_word' id='word_1_23' title='bbox 1866 426 2234 505; x_wconf 75' lang='lat' dir='ltr'><strong>supervenit</strong></span> <span class='ocrx_word' id='word_1_24' title='bbox 2268 429 2377 488; x_wconf 86' lang='grc'><strong>911</strong></span> <span class='ocrx_word' id='word_1_25' title='bbox 2404 432 2630 490; x_wconf 83' lang='grc'><strong>-949,</strong></span> <span class='ocrx_word' id='word_1_26' title='bbox 2688 433 2779 489; x_wconf 75' lang='lat' dir='ltr'><strong>Ad</strong></span> 
     </span>
     <span class='ocr_line' id='line_1_5' title="bbox 214 519 2777 596; baseline 0.001 -21"><span class='ocrx_word' id='word_1_27' title='bbox 214 520 463 577; x_wconf 83' lang='lat' dir='ltr'><strong>Chorum</strong></span> <span class='ocrx_word' id='word_1_28' title='bbox 504 532 563 578; x_wconf 83' lang='lat' dir='ltr'><strong>et</strong></span> <span class='ocrx_word' id='word_1_29' title='bbox 595 522 882 592; x_wconf 84' lang='lat' dir='ltr'><strong>Jocastam,</strong></span> <span class='ocrx_word' id='word_1_30' title='bbox 918 541 1061 596; x_wconf 83' lang='lat' dir='ltr'><strong>quae</strong></span> <span class='ocrx_word' id='word_1_31' title='bbox 1096 520 1416 594; x_wconf 83' lang='lat' dir='ltr'><strong>Apollinem</strong></span> <span class='ocrx_word' id='word_1_32' title='bbox 1452 519 1734 590; x_wconf 77' lang='lat' dir='ltr'><strong>implorat,</strong></span> <span class='ocrx_word' id='word_1_33' title='bbox 1773 528 1841 573; x_wconf 88' lang='lat' dir='ltr'><strong>ut</strong></span> <span class='ocrx_word' id='word_1_34' title='bbox 1877 538 2199 594; x_wconf 82' lang='lat' dir='ltr'><strong>prosperam</strong></span> <span class='ocrx_word' id='word_1_35' title='bbox 2234 523 2514 577; x_wconf 89' lang='lat' dir='ltr'><strong>malorum</strong></span> <span class='ocrx_word' id='word_1_36' title='bbox 2547 525 2645 578; x_wconf 87' lang='lat' dir='ltr'><strong>det</strong></span> <span class='ocrx_word' id='word_1_37' title='bbox 2683 542 2777 578; x_wconf 90' lang='lat' dir='ltr'><strong>so-</strong></span> 
     </span>
    </p>
   </div>
   <div class='ocr_carea' id='block_1_4' title="bbox 211 612 2777 784">
    <p class='ocr_par' dir='ltr' id='par_1_4' title="bbox 211 612 2777 784">
     <span class='ocr_line' id='line_1_6' title="bbox 213 612 2777 689; baseline 0.002 -19"><span class='ocrx_word' id='word_1_38' title='bbox 213 614 512 684; x_wconf 83' lang='lat' dir='ltr'><strong>lutionem,</strong></span> <span class='ocrx_word' id='word_1_39' title='bbox 551 616 787 672; x_wconf 79' lang='lat' dir='ltr'><strong>nuntius</strong></span> <span class='ocrx_word' id='word_1_40' title='bbox 823 615 1094 671; x_wconf 77' lang='lat' dir='ltr'>Corintho</span> <span class='ocrx_word' id='word_1_41' title='bbox 1135 613 1383 681; x_wconf 86' lang='lat' dir='ltr'><strong>accedit,</strong></span> <span class='ocrx_word' id='word_1_42' title='bbox 1419 612 1566 667; x_wconf 85' lang='lat' dir='ltr'><strong>cives</strong></span> <span class='ocrx_word' id='word_1_43' title='bbox 1603 612 1819 686; x_wconf 81' lang='lat' dir='ltr'>Polybo</span> <span class='ocrx_word' id='word_1_44' title='bbox 1858 624 2084 671; x_wconf 88' lang='lat' dir='ltr'><strong>mortuo</strong></span> <span class='ocrx_word' id='word_1_45' title='bbox 2127 614 2402 689; x_wconf 81' lang='lat' dir='ltr'><strong>Oedipum</strong></span> <span class='ocrx_word' id='word_1_46' title='bbox 2442 636 2627 688; x_wconf 89' lang='lat' dir='ltr'><strong>regem</strong></span> <span class='ocrx_word' id='word_1_47' title='bbox 2665 636 2777 674; x_wconf 87' lang='lat' dir='ltr'><strong>esse</strong></span> 
     </span>
     <span class='ocr_line' id='line_1_7' title="bbox 211 707 2777 784; baseline 0 -19"><span class='ocrx_word' id='word_1_48' title='bbox 211 719 497 766; x_wconf 83' lang='lat' dir='ltr'><strong>creaturos</strong></span> <span class='ocrx_word' id='word_1_49' title='bbox 532 710 805 771; x_wconf 86' lang='lat' dir='ltr'><strong>indicans.</strong></span> <span class='ocrx_word' id='word_1_50' title='bbox 878 711 1002 766; x_wconf 90' lang='lat' dir='ltr'><strong>Hoc</strong></span> <span class='ocrx_word' id='word_1_51' title='bbox 1040 711 1244 765; x_wconf 87' lang='lat' dir='ltr'><strong>nuntio</strong></span> <span class='ocrx_word' id='word_1_52' title='bbox 1283 728 1425 781; x_wconf 82' lang='lat' dir='ltr'><strong>opus</strong></span> <span class='ocrx_word' id='word_1_53' title='bbox 1475 714 1629 775; x_wconf 82' lang='lat' dir='ltr'><strong>erat,</strong></span> <span class='ocrx_word' id='word_1_54' title='bbox 1678 715 1747 761; x_wconf 87' lang='lat' dir='ltr'><strong>ut</strong></span> <span class='ocrx_word' id='word_1_55' title='bbox 1795 707 2005 765; x_wconf 76' lang='lat' dir='ltr'><strong>adesset</strong></span> <span class='ocrx_word' id='word_1_56' title='bbox 2056 709 2286 784; x_wconf 83' lang='lat' dir='ltr'><strong>aliquis,</strong></span> <span class='ocrx_word' id='word_1_57' title='bbox 2341 710 2442 781; x_wconf 80' lang='lat' dir='ltr'><strong>qui</strong></span> <span class='ocrx_word' id='word_1_58' title='bbox 2497 710 2777 783; x_wconf 86' lang='lat' dir='ltr'><strong>Oedipum</strong></span> 
     </span>
    </p>
   </div>
   <div class='ocr_carea' id='block_1_5' title="bbox 211 804 2776 977">
    <p class='ocr_par' dir='ltr' id='par_1_5' title="bbox 211 804 2776 977">
     <span class='ocr_line' id='line_1_8' title="bbox 211 804 1677 877; baseline -0.003 -19"><span class='ocrx_word' id='word_1_59' title='bbox 211 824 327 858; x_wconf 87' lang='lat' dir='ltr'><strong>non</strong></span> <span class='ocrx_word' id='word_1_60' title='bbox 363 805 605 877; x_wconf 80' lang='lat' dir='ltr'>Polybi,</span> <span class='ocrx_word' id='word_1_61' title='bbox 648 806 739 859; x_wconf 86' lang='lat' dir='ltr'><strong>sed</strong></span> <span class='ocrx_word' id='word_1_62' title='bbox 776 804 898 877; x_wconf 84' lang='lat' dir='ltr'><strong>Laji</strong></span> <span class='ocrx_word' id='word_1_63' title='bbox 936 804 1117 859; x_wconf 84' lang='lat' dir='ltr'><strong>filium</strong></span> <span class='ocrx_word' id='word_1_64' title='bbox 1157 824 1274 859; x_wconf 82' lang='lat' dir='ltr'><strong>esse</strong></span> <span class='ocrx_word' id='word_1_65' title='bbox 1314 810 1631 859; x_wconf 84' lang='lat' dir='ltr'><strong>testaretur.</strong></span> <span class='ocrx_word' id='word_1_66' title='bbox 1673 838 1677 841; x_wconf 91' lang='lat'><em>-</em></span> 
     </span>
     <span class='ocr_line' id='line_1_9' title="bbox 359 893 2776 977; baseline -0.001 -23"><span class='ocrx_word' id='word_1_67' title='bbox 359 903 417 968; x_wconf 80' lang='lat'><strong>2)</strong></span> <span class='ocrx_word' id='word_1_68' title='bbox 459 895 774 975; x_wconf 76' lang='lat' dir='ltr'><strong>Oedipum</strong></span> <span class='ocrx_word' id='word_1_69' title='bbox 822 897 982 977; x_wconf 88' lang='lat' dir='ltr'><strong>Laji</strong></span> <span class='ocrx_word' id='word_1_70' title='bbox 1015 894 1241 975; x_wconf 87' lang='lat' dir='ltr'><strong>filium</strong></span> <span class='ocrx_word' id='word_1_71' title='bbox 1279 905 1341 953; x_wconf 77' lang='lat' dir='ltr'><strong>et</strong></span> <span class='ocrx_word' id='word_1_72' title='bbox 1391 893 1727 950; x_wconf 74' lang='lat' dir='ltr'><strong>occisorem</strong></span> <span class='ocrx_word' id='word_1_73' title='bbox 1764 912 1895 949; x_wconf 85' lang='lat' dir='ltr'><strong>esse</strong></span> <span class='ocrx_word' id='word_1_74' title='bbox 1946 894 2163 949; x_wconf 79' lang='lat' dir='ltr'><strong>nuntii</strong></span> <span class='ocrx_word' id='word_1_75' title='bbox 2214 893 2530 952; x_wconf 80' lang='lat' dir='ltr'><strong>Corinthii</strong></span> <span class='ocrx_word' id='word_1_76' title='bbox 2567 895 2776 953; x_wconf 81' lang='lat' dir='ltr'><strong>verbis</strong></span> 
     </span>
    </p>
   </div>
   <div class='ocr_carea' id='block_1_6' title="bbox 127 986 2776 3331">
    <p class='ocr_par' dir='ltr' id='par_1_6' title="bbox 207 986 2776 1909">
     <span class='ocr_line' id='line_1_10' title="bbox 207 986 2775 1067; baseline 0.001 -23"><span class='ocrx_word' id='word_1_77' title='bbox 207 994 539 1058; x_wconf 77' lang='lat' dir='ltr'><strong>Iocastae,</strong></span> <span class='ocrx_word' id='word_1_78' title='bbox 579 1009 776 1067; x_wconf 82' lang='lat' dir='ltr'><strong>neque</strong></span> <span class='ocrx_word' id='word_1_79' title='bbox 813 999 1028 1046; x_wconf 83' lang='lat' dir='ltr'><strong>tamen</strong></span> <span class='ocrx_word' id='word_1_80' title='bbox 1075 989 1315 1067; x_wconf 78' lang='lat' dir='ltr'><strong>Oedipo</strong></span> <span class='ocrx_word' id='word_1_81' title='bbox 1374 989 1692 1066; x_wconf 81' lang='lat' dir='ltr'><strong>Clzoroque</strong></span> <span class='ocrx_word' id='word_1_82' title='bbox 1739 986 2176 1064; x_wconf 80' lang='lat' dir='ltr'><strong>persuadetur.</strong></span> <span class='ocrx_word' id='word_1_83' title='bbox 2215 1019 2293 1031; x_wconf 91' lang='grc'><strong>-</strong></span> <span class='ocrx_word' id='word_1_84' title='bbox 2336 994 2497 1049; x_wconf 81' lang='grc'><strong>1072.</strong></span> <span class='ocrx_word' id='word_1_85' title='bbox 2573 993 2775 1046; x_wconf 87' lang='lat' dir='ltr'><strong>Corin-</strong></span> 
     </span>
     <span class='ocr_line' id='line_1_11' title="bbox 209 1078 2775 1158; baseline 0 -20"><span class='ocrx_word' id='word_1_86' title='bbox 209 1085 364 1139; x_wconf 81' lang='lat' dir='ltr'><strong>thius</strong></span> <span class='ocrx_word' id='word_1_87' title='bbox 398 1078 684 1158; x_wconf 80' lang='lat' dir='ltr'><strong>repetitis,</strong></span> <span class='ocrx_word' id='word_1_88' title='bbox 722 1104 865 1157; x_wconf 82' lang='lat' dir='ltr'><strong>quae</strong></span> <span class='ocrx_word' id='word_1_89' title='bbox 904 1085 974 1138; x_wconf 91' lang='lat' dir='ltr'><strong>de</strong></span> <span class='ocrx_word' id='word_1_90' title='bbox 1011 1093 1190 1139; x_wconf 88' lang='lat' dir='ltr'><strong>morte</strong></span> <span class='ocrx_word' id='word_1_91' title='bbox 1225 1085 1428 1157; x_wconf 81' lang='lat' dir='ltr'>Polybi</span> <span class='ocrx_word' id='word_1_92' title='bbox 1466 1082 1772 1148; x_wconf 83' lang='lat' dir='ltr'><strong>nuntiavit,</strong></span> <span class='ocrx_word' id='word_1_93' title='bbox 1812 1088 1878 1134; x_wconf 89' lang='lat' dir='ltr'><strong>ut</strong></span> <span class='ocrx_word' id='word_1_94' title='bbox 1917 1080 2193 1152; x_wconf 89' lang='lat' dir='ltr'><strong>Oedipum</strong></span> <span class='ocrx_word' id='word_1_95' title='bbox 2231 1080 2300 1134; x_wconf 90' lang='lat' dir='ltr'><strong>de</strong></span> <span class='ocrx_word' id='word_1_96' title='bbox 2342 1090 2500 1154; x_wconf 85' lang='lat' dir='ltr'><strong>patre</strong></span> <span class='ocrx_word' id='word_1_97' title='bbox 2537 1083 2650 1156; x_wconf 85' lang='lat' dir='ltr'><strong>jam</strong></span> <span class='ocrx_word' id='word_1_98' title='bbox 2686 1103 2775 1139; x_wconf 87' lang='lat' dir='ltr'><strong>se-</strong></span> 
     </span>
     <span class='ocr_line' id='line_1_12' title="bbox 210 1176 2776 1255; baseline -0.001 -20"><span class='ocrx_word' id='word_1_99' title='bbox 210 1198 444 1247; x_wconf 87' lang='lat' dir='ltr'><strong>curum,</strong></span> <span class='ocrx_word' id='word_1_100' title='bbox 495 1179 662 1233; x_wconf 84' lang='lat' dir='ltr'><strong>etiam</strong></span> <span class='ocrx_word' id='word_1_101' title='bbox 714 1187 870 1233; x_wconf 85' lang='lat' dir='ltr'><strong>metu</strong></span> <span class='ocrx_word' id='word_1_102' title='bbox 919 1180 1066 1233; x_wconf 87' lang='lat' dir='ltr'><strong>circa</strong></span> <span class='ocrx_word' id='word_1_103' title='bbox 1102 1187 1339 1233; x_wconf 88' lang='lat' dir='ltr'><strong>matrem</strong></span> <span class='ocrx_word' id='word_1_104' title='bbox 1375 1178 1608 1244; x_wconf 88' lang='lat' dir='ltr'><strong>liberet,</strong></span> <span class='ocrx_word' id='word_1_105' title='bbox 1661 1176 1864 1232; x_wconf 86' lang='lat' dir='ltr'><strong>deinde</strong></span> <span class='ocrx_word' id='word_1_106' title='bbox 1902 1179 2093 1247; x_wconf 81' lang='lat' dir='ltr'>addit,</span> <span class='ocrx_word' id='word_1_107' title='bbox 2147 1179 2413 1255; x_wconf 88' lang='lat' dir='ltr'><strong>Meropen</strong></span> <span class='ocrx_word' id='word_1_108' title='bbox 2449 1198 2565 1232; x_wconf 89' lang='lat' dir='ltr'><strong>non</strong></span> <span class='ocrx_word' id='word_1_109' title='bbox 2603 1179 2776 1250; x_wconf 85' lang='lat' dir='ltr'><strong>magis</strong></span> 
     </span>
     <span class='ocr_line' id='line_1_13' title="bbox 212 1273 2775 1347; baseline -0.001 -18"><span class='ocrx_word' id='word_1_110' title='bbox 212 1273 328 1347; x_wconf 83' lang='lat' dir='ltr'><strong>ejus</strong></span> <span class='ocrx_word' id='word_1_111' title='bbox 366 1293 474 1328; x_wconf 87' lang='lat' dir='ltr'><strong>esse</strong></span> <span class='ocrx_word' id='word_1_112' title='bbox 516 1286 780 1342; x_wconf 80' lang='lat' dir='ltr'><strong>matrem,</strong></span> <span class='ocrx_word' id='word_1_113' title='bbox 822 1293 990 1346; x_wconf 89' lang='lat' dir='ltr'><strong>quam</strong></span> <span class='ocrx_word' id='word_1_114' title='bbox 1029 1275 1278 1347; x_wconf 84' lang='lat' dir='ltr'>Polybus</span> <span class='ocrx_word' id='word_1_115' title='bbox 1318 1274 1492 1326; x_wconf 86' lang='lat' dir='ltr'><strong>suerit</strong></span> <span class='ocrx_word' id='word_1_116' title='bbox 1529 1279 1717 1344; x_wconf 85' lang='lat' dir='ltr'><strong>pater:</strong></span> <span class='ocrx_word' id='word_1_117' title='bbox 1773 1291 1829 1325; x_wconf 88' lang='lat' dir='ltr'><strong>se</strong></span> <span class='ocrx_word' id='word_1_118' title='bbox 1882 1273 2030 1326; x_wconf 90' lang='lat' dir='ltr'><strong>enim</strong></span> <span class='ocrx_word' id='word_1_119' title='bbox 2080 1293 2206 1327; x_wconf 90' lang='lat' dir='ltr'><strong>eum</strong></span> <span class='ocrx_word' id='word_1_120' title='bbox 2243 1274 2478 1346; x_wconf 87' lang='lat' dir='ltr'><strong>pedibus</strong></span> <span class='ocrx_word' id='word_1_121' title='bbox 2515 1274 2775 1345; x_wconf 85' lang='lat' dir='ltr'><strong>perfora-</strong></span> 
     </span>
     <span class='ocr_line' id='line_1_14' title="bbox 210 1366 2773 1442; baseline 0.002 -23"><span class='ocrx_word' id='word_1_122' title='bbox 210 1375 331 1419; x_wconf 88' lang='lat' dir='ltr'><strong>tum</strong></span> <span class='ocrx_word' id='word_1_123' title='bbox 373 1368 437 1418; x_wconf 87' lang='lat' dir='ltr'><strong>in</strong></span> <span class='ocrx_word' id='word_1_124' title='bbox 477 1366 824 1420; x_wconf 83' lang='lat' dir='ltr'><strong>Cithaeronis</strong></span> <span class='ocrx_word' id='word_1_125' title='bbox 864 1368 1096 1421; x_wconf 86' lang='lat' dir='ltr'><strong>saltibus</strong></span> <span class='ocrx_word' id='word_1_126' title='bbox 1139 1389 1168 1420; x_wconf 90' lang='lat' dir='ltr'><strong>a</strong></span> <span class='ocrx_word' id='word_1_127' title='bbox 1209 1367 1455 1441; x_wconf 86' lang='lat' dir='ltr'><strong>quodam</strong></span> <span class='ocrx_word' id='word_1_128' title='bbox 1492 1367 1615 1439; x_wconf 86' lang='lat' dir='ltr'><strong>Laji</strong></span> <span class='ocrx_word' id='word_1_129' title='bbox 1652 1385 1815 1421; x_wconf 86' lang='lat' dir='ltr'><strong>servo</strong></span> <span class='ocrx_word' id='word_1_130' title='bbox 1843 1370 2112 1442; x_wconf 85' lang='lat' dir='ltr'><strong>accepisse</strong></span> <span class='ocrx_word' id='word_1_131' title='bbox 2138 1379 2190 1423; x_wconf 83' lang='lat' dir='ltr'><strong>et</strong></span> <span class='ocrx_word' id='word_1_132' title='bbox 2217 1370 2431 1442; x_wconf 81' lang='lat' dir='ltr'>Polybo</span> <span class='ocrx_word' id='word_1_133' title='bbox 2460 1369 2773 1428; x_wconf 67' lang='lat' dir='ltr'><strong>tradidisse.</strong></span> 
     </span>
     <span class='ocr_line' id='line_1_15' title="bbox 209 1461 2772 1538; baseline 0.001 -25"><span class='ocrx_word' id='word_1_134' title='bbox 209 1461 311 1513; x_wconf 89' lang='lat' dir='ltr'><strong>His</strong></span> <span class='ocrx_word' id='word_1_135' title='bbox 350 1463 543 1516; x_wconf 87' lang='lat' dir='ltr'><strong>relatis</strong></span> <span class='ocrx_word' id='word_1_136' title='bbox 580 1467 826 1519; x_wconf 75' lang='lat' dir='ltr'><strong>locastae</strong></span> <span class='ocrx_word' id='word_1_137' title='bbox 863 1467 1260 1538; x_wconf 81' lang='lat' dir='ltr'><strong>persuadetur,</strong></span> <span class='ocrx_word' id='word_1_138' title='bbox 1314 1464 1593 1536; x_wconf 85' lang='lat' dir='ltr'><strong>Oedipum</strong></span> <span class='ocrx_word' id='word_1_139' title='bbox 1638 1462 1761 1535; x_wconf 87' lang='lat' dir='ltr'><strong>Laji</strong></span> <span class='ocrx_word' id='word_1_140' title='bbox 1808 1480 1920 1515; x_wconf 84' lang='lat' dir='ltr'><strong>esse</strong></span> <span class='ocrx_word' id='word_1_141' title='bbox 1971 1471 2025 1516; x_wconf 90' lang='lat' dir='ltr'><strong>et</strong></span> <span class='ocrx_word' id='word_1_142' title='bbox 2061 1462 2246 1515; x_wconf 90' lang='lat' dir='ltr'><strong>filium</strong></span> <span class='ocrx_word' id='word_1_143' title='bbox 2283 1471 2339 1515; x_wconf 86' lang='lat' dir='ltr'><strong>et</strong></span> <span class='ocrx_word' id='word_1_144' title='bbox 2373 1478 2772 1534; x_wconf 79' lang='lat' dir='ltr'><strong>percussorem.</strong></span> 
     </span>
     <span class='ocr_line' id='line_1_16' title="bbox 207 1554 2773 1630; baseline 0.004 -23"><span class='ocrx_word' id='word_1_145' title='bbox 207 1554 402 1609; x_wconf 81' lang='lat' dir='ltr'><strong>Monet</strong></span> <span class='ocrx_word' id='word_1_146' title='bbox 437 1556 630 1626; x_wconf 87' lang='lat' dir='ltr'><strong>igitur,</strong></span> <span class='ocrx_word' id='word_1_147' title='bbox 668 1575 739 1610; x_wconf 90' lang='lat' dir='ltr'><strong>ne</strong></span> <span class='ocrx_word' id='word_1_148' title='bbox 773 1558 949 1613; x_wconf 74' lang='lat' dir='ltr'><strong>verba</strong></span> <span class='ocrx_word' id='word_1_149' title='bbox 986 1559 1198 1627; x_wconf 84' lang='lat' dir='ltr'><strong>nuntii,</strong></span> <span class='ocrx_word' id='word_1_150' title='bbox 1240 1559 1286 1612; x_wconf 87' lang='lat' dir='ltr'><strong>si</strong></span> <span class='ocrx_word' id='word_1_151' title='bbox 1324 1577 1436 1630; x_wconf 89' lang='lat' dir='ltr'><strong>qua</strong></span> <span class='ocrx_word' id='word_1_152' title='bbox 1475 1559 1582 1612; x_wconf 88' lang='lat' dir='ltr'><strong>sibi</strong></span> <span class='ocrx_word' id='word_1_153' title='bbox 1619 1558 1769 1612; x_wconf 86' lang='lat' dir='ltr'><strong>vitae</strong></span> <span class='ocrx_word' id='word_1_154' title='bbox 1807 1576 1936 1613; x_wconf 84' lang='lat' dir='ltr'><strong>suae</strong></span> <span class='ocrx_word' id='word_1_155' title='bbox 1973 1557 2049 1613; x_wconf 89' lang='lat' dir='ltr'><strong>sit</strong></span> <span class='ocrx_word' id='word_1_156' title='bbox 2087 1576 2250 1627; x_wconf 90' lang='lat' dir='ltr'><strong>cura,</strong></span> <span class='ocrx_word' id='word_1_157' title='bbox 2301 1558 2588 1630; x_wconf 83' lang='lat' dir='ltr'><strong>respiciat,</strong></span> <span class='ocrx_word' id='word_1_158' title='bbox 2632 1578 2773 1615; x_wconf 82' lang='lat' dir='ltr'><strong>neve</strong></span> 
     </span>
     <span class='ocr_line' id='line_1_17' title="bbox 210 1650 2774 1721; baseline 0 -18"><span class='ocrx_word' id='word_1_159' title='bbox 210 1667 435 1703; x_wconf 79' lang='lat' dir='ltr'><strong>servum</strong></span> <span class='ocrx_word' id='word_1_160' title='bbox 471 1651 642 1704; x_wconf 90' lang='lat' dir='ltr'><strong>istum</strong></span> <span class='ocrx_word' id='word_1_161' title='bbox 681 1672 954 1707; x_wconf 82' lang='lat' dir='ltr'><strong>arcessere</strong></span> <span class='ocrx_word' id='word_1_162' title='bbox 993 1662 1049 1707; x_wconf 91' lang='lat' dir='ltr'><strong>et</strong></span> <span class='ocrx_word' id='word_1_163' title='bbox 1087 1653 1285 1707; x_wconf 83' lang='lat' dir='ltr'><strong>audire</strong></span> <span class='ocrx_word' id='word_1_164' title='bbox 1320 1652 1480 1712; x_wconf 80' lang='lat' dir='ltr'><strong>velit.</strong></span> <span class='ocrx_word' id='word_1_165' title='bbox 1569 1652 1739 1718; x_wconf 81' lang='lat' dir='ltr'><strong>Quod</strong></span> <span class='ocrx_word' id='word_1_166' title='bbox 1783 1669 1956 1721; x_wconf 88' lang='lat' dir='ltr'><strong>quum</strong></span> <span class='ocrx_word' id='word_1_167' title='bbox 1996 1650 2206 1704; x_wconf 87' lang='lat' dir='ltr'><strong>frustra</strong></span> <span class='ocrx_word' id='word_1_168' title='bbox 2235 1650 2444 1719; x_wconf 9' lang='lat' dir='ltr'><strong>,fecerit</strong></span> <span class='ocrx_word' id='word_1_169' title='bbox 2478 1681 2558 1695; x_wconf 88' lang='lat'><strong>—-·</strong></span> <span class='ocrx_word' id='word_1_170' title='bbox 2597 1651 2774 1706; x_wconf 87' lang='lat' dir='ltr'><strong>Oedi-</strong></span> 
     </span>
     <span class='ocr_line' id='line_1_18' title="bbox 210 1740 2771 1818; baseline 0.001 -23"><span class='ocrx_word' id='word_1_171' title='bbox 210 1761 313 1813; x_wconf 85' lang='lat' dir='ltr'><strong>pus</strong></span> <span class='ocrx_word' id='word_1_172' title='bbox 352 1744 501 1796; x_wconf 90' lang='lat' dir='ltr'><strong>enim</strong></span> <span class='ocrx_word' id='word_1_173' title='bbox 539 1764 597 1796; x_wconf 88' lang='lat' dir='ltr'><strong>se</strong></span> <span class='ocrx_word' id='word_1_174' title='bbox 635 1744 703 1797; x_wconf 87' lang='lat' dir='ltr'><strong>ab</strong></span> <span class='ocrx_word' id='word_1_175' title='bbox 743 1745 1114 1816; x_wconf 85' lang='lat' dir='ltr'><strong>inquisitione</strong></span> <span class='ocrx_word' id='word_1_176' title='bbox 1150 1747 1367 1817; x_wconf 87' lang='lat' dir='ltr'><strong>generis</strong></span> <span class='ocrx_word' id='word_1_177' title='bbox 1407 1747 1497 1802; x_wconf 85' lang='lat' dir='ltr'><strong>sui</strong></span> <span class='ocrx_word' id='word_1_178' title='bbox 1554 1765 1899 1801; x_wconf 85' lang='lat' dir='ltr'><strong>recessurum</strong></span> <span class='ocrx_word' id='word_1_179' title='bbox 1937 1755 2100 1818; x_wconf 84' lang='lat' dir='ltr'><strong>negat</strong></span> <span class='ocrx_word' id='word_1_180' title='bbox 2134 1775 2213 1788; x_wconf 92' lang='lat'><strong>—-</strong></span> <span class='ocrx_word' id='word_1_181' title='bbox 2242 1740 2549 1817; x_wconf 65' lang='lat' dir='ltr'><strong>&#39;angoribus</strong></span> <span class='ocrx_word' id='word_1_182' title='bbox 2599 1746 2771 1799; x_wconf 87' lang='lat' dir='ltr'><strong>animi</strong></span> 
     </span>
     <span class='ocr_line' id='line_1_19' title="bbox 211 1838 687 1909; baseline 0.006 -19"><span class='ocrx_word' id='word_1_183' title='bbox 211 1838 415 1909; x_wconf 83' lang='lat' dir='ltr'><strong>agitata</strong></span> <span class='ocrx_word' id='word_1_184' title='bbox 450 1840 687 1909; x_wconf 84' lang='lat' dir='ltr'><strong>aufugit.</strong></span> 
     </span>
    </p>

    <p class='ocr_par' dir='ltr' id='par_1_7' title="bbox 209 1929 2772 2481">
     <span class='ocr_line' id='line_1_20' title="bbox 353 1929 2770 2012; baseline 0.002 -25"><span class='ocrx_word' id='word_1_185' title='bbox 353 1933 412 2000; x_wconf 89' lang='lat'><strong>3)</strong></span> <span class='ocrx_word' id='word_1_186' title='bbox 454 1929 729 2008; x_wconf 78' lang='lat' dir='ltr'><strong>Stupent</strong></span> <span class='ocrx_word' id='word_1_187' title='bbox 772 1929 1049 2009; x_wconf 77' lang='lat' dir='ltr'><strong>Oedipus</strong></span> <span class='ocrx_word' id='word_1_188' title='bbox 1093 1930 1476 2012; x_wconf 76' lang='lat' dir='ltr'><strong>Chorusque,</strong></span> <span class='ocrx_word' id='word_1_189' title='bbox 1535 1951 1648 1989; x_wconf 89' lang='lat' dir='ltr'><strong>cur</strong></span> <span class='ocrx_word' id='word_1_190' title='bbox 1686 1942 1822 1990; x_wconf 88' lang='lat' dir='ltr'><strong>tam</strong></span> <span class='ocrx_word' id='word_1_191' title='bbox 1860 1931 2166 2012; x_wconf 74' lang='lat' dir='ltr'><strong>graviter</strong></span> <span class='ocrx_word' id='word_1_192' title='bbox 2199 1931 2578 2012; x_wconf 82' lang='lat' dir='ltr'><strong>perturbata</strong></span> <span class='ocrx_word' id='word_1_193' title='bbox 2612 1952 2770 2011; x_wconf 79' lang='lat' dir='ltr'><strong>pro·</strong></span> 
     </span>
     <span class='ocr_line' id='line_1_21' title="bbox 209 2025 2772 2104; baseline 0 -23"><span class='ocrx_word' id='word_1_194' title='bbox 209 2025 453 2102; x_wconf 79' lang='lat' dir='ltr'><strong>ruperit</strong></span> <span class='ocrx_word' id='word_1_195' title='bbox 490 2025 726 2104; x_wconf 74' lang='lat' dir='ltr'><strong>ignari.</strong></span> <span class='ocrx_word' id='word_1_196' title='bbox 766 2059 842 2071; x_wconf 91' lang='lat'>—</span> <span class='ocrx_word' id='word_1_197' title='bbox 884 2032 1054 2093; x_wconf 84' lang='lat'><strong>1109.</strong></span> <span class='ocrx_word' id='word_1_198' title='bbox 1128 2033 1376 2104; x_wconf 86' lang='lat' dir='ltr'><strong>Oedipus</strong></span> <span class='ocrx_word' id='word_1_199' title='bbox 1411 2030 1688 2103; x_wconf 89' lang='lat' dir='ltr'><strong>propositi</strong></span> <span class='ocrx_word' id='word_1_200' title='bbox 1723 2038 1921 2098; x_wconf 85' lang='lat' dir='ltr'><strong>tenax,</strong></span> <span class='ocrx_word' id='word_1_201' title='bbox 1972 2047 2027 2085; x_wconf 86' lang='lat' dir='ltr'><strong>se</strong></span> <span class='ocrx_word' id='word_1_202' title='bbox 2060 2029 2172 2096; x_wconf 85' lang='lat' dir='ltr'><strong>ait,</strong></span> <span class='ocrx_word' id='word_1_203' title='bbox 2225 2029 2360 2083; x_wconf 90' lang='lat' dir='ltr'><strong>dum</strong></span> <span class='ocrx_word' id='word_1_204' title='bbox 2396 2047 2568 2101; x_wconf 88' lang='lat' dir='ltr'><strong>genus</strong></span> <span class='ocrx_word' id='word_1_205' title='bbox 2606 2046 2772 2083; x_wconf 90' lang='lat' dir='ltr'><strong>suum</strong></span> 
     </span>
     <span class='ocr_line' id='line_1_22' title="bbox 210 2121 2768 2196; baseline 0.001 -23"><span class='ocrx_word' id='word_1_206' title='bbox 210 2121 478 2187; x_wconf 86' lang='lat' dir='ltr'><strong>rescierit,</strong></span> <span class='ocrx_word' id='word_1_207' title='bbox 517 2140 631 2175; x_wconf 91' lang='lat' dir='ltr'><strong>non</strong></span> <span class='ocrx_word' id='word_1_208' title='bbox 668 2133 1074 2193; x_wconf 80' lang='lat' dir='ltr'><strong>recusaturum,</strong></span> <span class='ocrx_word' id='word_1_209' title='bbox 1115 2145 1257 2196; x_wconf 83' lang='lat' dir='ltr'><strong>quae</strong></span> <span class='ocrx_word' id='word_1_210' title='bbox 1294 2126 1525 2190; x_wconf 86' lang='lat' dir='ltr'><strong>instent,</strong></span> <span class='ocrx_word' id='word_1_211' title='bbox 1565 2124 1803 2194; x_wconf 82' lang='lat' dir='ltr'><strong>perpeti.</strong></span> <span class='ocrx_word' id='word_1_212' title='bbox 1866 2123 2082 2177; x_wconf 89' lang='lat' dir='ltr'><strong>Chorus</strong></span> <span class='ocrx_word' id='word_1_213' title='bbox 2120 2142 2274 2188; x_wconf 80' lang='lat' dir='ltr'><strong>vero,</strong></span> <span class='ocrx_word' id='word_1_214' title='bbox 2314 2131 2381 2177; x_wconf 88' lang='lat' dir='ltr'><strong>ut</strong></span> <span class='ocrx_word' id='word_1_215' title='bbox 2413 2123 2475 2175; x_wconf 90' lang='lat' dir='ltr'><strong>in</strong></span> <span class='ocrx_word' id='word_1_216' title='bbox 2515 2131 2768 2178; x_wconf 84' lang='lat' dir='ltr'><strong>extremo</strong></span> 
     </span>
     <span class='ocr_line' id='line_1_23' title="bbox 213 2213 2770 2289; baseline 0 -24"><span class='ocrx_word' id='word_1_217' title='bbox 213 2231 400 2266; x_wconf 86' lang='lat' dir='ltr'><strong>rerum</strong></span> <span class='ocrx_word' id='word_1_218' title='bbox 438 2215 793 2283; x_wconf 84' lang='lat' dir='ltr'><strong>discrimine,</strong></span> <span class='ocrx_word' id='word_1_219' title='bbox 835 2218 1089 2272; x_wconf 85' lang='lat' dir='ltr'><strong>acerbam</strong></span> <span class='ocrx_word' id='word_1_220' title='bbox 1130 2239 1287 2273; x_wconf 88' lang='lat' dir='ltr'><strong>suam</strong></span> <span class='ocrx_word' id='word_1_221' title='bbox 1324 2219 1653 2272; x_wconf 84' lang='lat' dir='ltr'><strong>futurorum</strong></span> <span class='ocrx_word' id='word_1_222' title='bbox 1690 2215 2154 2289; x_wconf 80' lang='lat' dir='ltr'><strong>exspectationem</strong></span> <span class='ocrx_word' id='word_1_223' title='bbox 2190 2214 2252 2267; x_wconf 90' lang='lat' dir='ltr'><strong>in</strong></span> <span class='ocrx_word' id='word_1_224' title='bbox 2295 2232 2555 2267; x_wconf 85' lang='lat' dir='ltr'><strong>numeros</strong></span> <span class='ocrx_word' id='word_1_225' title='bbox 2592 2213 2770 2267; x_wconf 83' lang='lat' dir='ltr'><strong>fervi·-</strong></span> 
     </span>
     <span class='ocr_line' id='line_1_24' title="bbox 211 2306 2769 2385; baseline 0.003 -26"><span class='ocrx_word' id='word_1_226' title='bbox 211 2306 396 2361; x_wconf 87' lang='lat' dir='ltr'><strong>diores</strong></span> <span class='ocrx_word' id='word_1_227' title='bbox 429 2307 684 2377; x_wconf 85' lang='lat' dir='ltr'><strong>effundit,</strong></span> <span class='ocrx_word' id='word_1_228' title='bbox 723 2311 889 2366; x_wconf 82' lang='lat' dir='ltr'><strong>anxie</strong></span> <span class='ocrx_word' id='word_1_229' title='bbox 927 2332 1213 2383; x_wconf 87' lang='lat' dir='ltr'><strong>quaerens,</strong></span> <span class='ocrx_word' id='word_1_230' title='bbox 1251 2332 1522 2385; x_wconf 82' lang='lat' dir='ltr'><strong>quosnam</strong></span> <span class='ocrx_word' id='word_1_231' title='bbox 1557 2312 1794 2367; x_wconf 88' lang='lat' dir='ltr'><strong>deorum</strong></span> <span class='ocrx_word' id='word_1_232' title='bbox 1831 2312 2174 2382; x_wconf 85' lang='lat' dir='ltr'><strong>dearumque</strong></span> <span class='ocrx_word' id='word_1_233' title='bbox 2215 2309 2420 2384; x_wconf 85' lang='lat' dir='ltr'><strong>Oedipi</strong></span> <span class='ocrx_word' id='word_1_234' title='bbox 2453 2309 2517 2363; x_wconf 88' lang='lat' dir='ltr'><strong>in</strong></span> <span class='ocrx_word' id='word_1_235' title='bbox 2543 2308 2769 2366; x_wconf 83' lang='lat' dir='ltr'><strong>Cithae-</strong></span> 
     </span>
     <span class='ocr_line' id='line_1_25' title="bbox 210 2404 1396 2481; baseline 0.006 -28"><span class='ocrx_word' id='word_1_236' title='bbox 210 2422 348 2456; x_wconf 88' lang='lat' dir='ltr'><strong>rone</strong></span> <span class='ocrx_word' id='word_1_237' title='bbox 385 2404 604 2456; x_wconf 87' lang='lat' dir='ltr'><strong>inventi</strong></span> <span class='ocrx_word' id='word_1_238' title='bbox 643 2418 900 2477; x_wconf 86' lang='lat' dir='ltr'><strong>parentes</strong></span> <span class='ocrx_word' id='word_1_239' title='bbox 940 2410 1014 2463; x_wconf 87' lang='lat' dir='ltr'><strong>sit</strong></span> <span class='ocrx_word' id='word_1_240' title='bbox 1052 2410 1396 2481; x_wconf 80' lang='lat' dir='ltr'><strong>cogniturus.</strong></span> 
     </span>
    </p>

    <p class='ocr_par' dir='ltr' id='par_1_8' title="bbox 127 2492 2770 3331">
     <span class='ocr_line' id='line_1_26' title="bbox 359 2492 2768 2578; baseline 0 -25"><span class='ocrx_word' id='word_1_241' title='bbox 359 2499 417 2567; x_wconf 88' lang='lat'><strong>4)</strong></span> <span class='ocrx_word' id='word_1_242' title='bbox 454 2492 698 2554; x_wconf 81' lang='lat' dir='ltr'><strong>Nuntio</strong></span> <span class='ocrx_word' id='word_1_243' title='bbox 737 2497 1066 2558; x_wconf 72' lang='lat' dir='ltr'><strong>Corinthio</strong></span> <span class='ocrx_word' id='word_1_244' title='bbox 1104 2513 1166 2560; x_wconf 78' lang='lat' dir='ltr'><strong>et</strong></span> <span class='ocrx_word' id='word_1_245' title='bbox 1202 2500 1361 2578; x_wconf 87' lang='lat' dir='ltr'><strong>Laji</strong></span> <span class='ocrx_word' id='word_1_246' title='bbox 1393 2519 1579 2559; x_wconf 83' lang='lat' dir='ltr'><strong>servo</strong></span> <span class='ocrx_word' id='word_1_247' title='bbox 1615 2496 1875 2557; x_wconf 82' lang='lat' dir='ltr'><strong>testibus</strong></span> <span class='ocrx_word' id='word_1_248' title='bbox 1912 2497 2009 2556; x_wconf 84' lang='lat' dir='ltr'><strong>ita</strong></span> <span class='ocrx_word' id='word_1_249' title='bbox 2045 2492 2459 2576; x_wconf 77' lang='lat' dir='ltr'><strong>manifestum</strong></span> <span class='ocrx_word' id='word_1_250' title='bbox 2481 2492 2595 2576; x_wconf 79' lang='lat' dir='ltr'><strong>fit,</strong></span> <span class='ocrx_word' id='word_1_251' title='bbox 2645 2495 2768 2555; x_wconf 86' lang='lat' dir='ltr'><strong>Oe-</strong></span> 
     </span>
     <span class='ocr_line' id='line_1_27' title="bbox 172 2588 2768 2670; baseline -0.001 -19"><span class='ocrx_word' id='word_1_252' title='bbox 172 2663 175 2667; x_wconf 13' lang='lat'><em>*</em></span> <span class='ocrx_word' id='word_1_253' title='bbox 211 2588 447 2666; x_wconf 59' lang='lat' dir='ltr'><strong>dapum,</strong></span> <span class='ocrx_word' id='word_1_254' title='bbox 486 2591 644 2667; x_wconf 88' lang='lat' dir='ltr'><strong>Laji</strong></span> <span class='ocrx_word' id='word_1_255' title='bbox 663 2593 885 2670; x_wconf 80' lang='lat' dir='ltr'><strong>patris</strong></span> <span class='ocrx_word' id='word_1_256' title='bbox 923 2595 1271 2667; x_wconf 84' lang='lat' dir='ltr'><strong>occisorem,</strong></span> <span class='ocrx_word' id='word_1_257' title='bbox 1313 2605 1586 2653; x_wconf 81' lang='lat' dir='ltr'><strong>matrem</strong></span> <span class='ocrx_word' id='word_1_258' title='bbox 1626 2594 1695 2651; x_wconf 80' lang='lat' dir='ltr'><strong>ia</strong></span> <span class='ocrx_word' id='word_1_259' title='bbox 1731 2590 2208 2651; x_wconf 83' lang='lat' dir='ltr'><strong>matrimonium</strong></span> <span class='ocrx_word' id='word_1_260' title='bbox 2235 2590 2503 2660; x_wconf 86' lang='lat' dir='ltr'><strong>duxisse,</strong></span> <span class='ocrx_word' id='word_1_261' title='bbox 2542 2600 2614 2649; x_wconf 82' lang='lat' dir='ltr'><strong>ut</strong></span> <span class='ocrx_word' id='word_1_262' title='bbox 2653 2609 2768 2649; x_wconf 85' lang='lat' dir='ltr'><strong>nec</strong></span> 
     </span>
     <span class='ocr_line' id='line_1_28' title="bbox 211 2680 2769 2767; baseline 0.004 -30"><span class='ocrx_word' id='word_1_263' title='bbox 211 2680 362 2760; x_wconf 71' lang='lat' dir='ltr'><strong>ipsi„</strong></span> <span class='ocrx_word' id='word_1_264' title='bbox 417 2703 533 2741; x_wconf 87' lang='lat' dir='ltr'><strong>nec</strong></span> <span class='ocrx_word' id='word_1_265' title='bbox 591 2682 792 2743; x_wconf 83' lang='lat' dir='ltr'><strong>Clzoro</strong></span> <span class='ocrx_word' id='word_1_266' title='bbox 842 2686 978 2745; x_wconf 88' lang='lat' dir='ltr'><strong>ulla</strong></span> <span class='ocrx_word' id='word_1_267' title='bbox 1030 2687 1345 2748; x_wconf 79' lang='lat' dir='ltr'><strong>dubitatio</strong></span> <span class='ocrx_word' id='word_1_268' title='bbox 1395 2687 1810 2767; x_wconf 81' lang='lat' dir='ltr'><strong>relinquatur.</strong></span> <span class='ocrx_word' id='word_1_269' title='bbox 1858 2694 2006 2748; x_wconf 91' lang='grc'><strong>1110</strong></span> <span class='ocrx_word' id='word_1_270' title='bbox 2033 2719 2112 2731; x_wconf 90' lang='grc'>-</span> <span class='ocrx_word' id='word_1_271' title='bbox 2140 2685 2304 2747; x_wconf 88' lang='lat'><strong>1185.</strong></span> <span class='ocrx_word' id='word_1_272' title='bbox 2388 2687 2485 2742; x_wconf 22' lang='lat' dir='ltr'><strong>Ut.</strong></span> <span class='ocrx_word' id='word_1_273' title='bbox 2519 2687 2769 2758; x_wconf 74' lang='lat' dir='ltr'><strong>Oedipus</strong></span> 
     </span>
     <span class='ocr_line' id='line_1_29' title="bbox 209 2779 2769 2857; baseline 0.002 -28"><span class='ocrx_word' id='word_1_274' title='bbox 209 2779 500 2849; x_wconf 86' lang='lat' dir='ltr'><strong>parricidii</strong></span> <span class='ocrx_word' id='word_1_275' title='bbox 540 2788 596 2834; x_wconf 90' lang='lat' dir='ltr'><strong>et</strong></span> <span class='ocrx_word' id='word_1_276' title='bbox 637 2783 839 2836; x_wconf 85' lang='lat' dir='ltr'><strong>nefarii</strong></span> <span class='ocrx_word' id='word_1_277' title='bbox 879 2803 1006 2839; x_wconf 89' lang='lat' dir='ltr'><strong>cum</strong></span> <span class='ocrx_word' id='word_1_278' title='bbox 1040 2796 1220 2841; x_wconf 86' lang='lat' dir='ltr'><strong>matre</strong></span> <span class='ocrx_word' id='word_1_279' title='bbox 1259 2787 1504 2857; x_wconf 85' lang='lat' dir='ltr'><strong>conjugii</strong></span> <span class='ocrx_word' id='word_1_280' title='bbox 1557 2793 1919 2855; x_wconf 84' lang='lat' dir='ltr'><strong>coarguatur,</strong></span> <span class='ocrx_word' id='word_1_281' title='bbox 1975 2801 2197 2850; x_wconf 83' lang='lat' dir='ltr'><strong>servus,</strong></span> <span class='ocrx_word' id='word_1_282' title='bbox 2251 2780 2352 2853; x_wconf 90' lang='lat' dir='ltr'><strong>qui</strong></span> <span class='ocrx_word' id='word_1_283' title='bbox 2400 2799 2526 2835; x_wconf 89' lang='lat' dir='ltr'><strong>eum</strong></span> <span class='ocrx_word' id='word_1_284' title='bbox 2566 2781 2769 2834; x_wconf 89' lang='lat' dir='ltr'><strong>Corin-</strong></span> 
     </span>
     <span class='ocr_line' id='line_1_30' title="bbox 127 2869 2768 2952; baseline 0.002 -28"><span class='ocrx_word' id='word_1_285' title='bbox 127 2900 130 2903; x_wconf 87' lang='lat'><em>-</em></span> <span class='ocrx_word' id='word_1_286' title='bbox 194 2869 329 2924; x_wconf 59' lang='lat' dir='ltr'><strong>&gt;thio</strong></span> <span class='ocrx_word' id='word_1_287' title='bbox 369 2871 505 2924; x_wconf 88' lang='lat' dir='ltr'><strong>olim</strong></span> <span class='ocrx_word' id='word_1_288' title='bbox 544 2873 812 2941; x_wconf 82' lang='lat' dir='ltr'><strong>tradidit,</strong></span> <span class='ocrx_word' id='word_1_289' title='bbox 867 2886 921 2929; x_wconf 86' lang='lat' dir='ltr'><strong>et</strong></span> <span class='ocrx_word' id='word_1_290' title='bbox 965 2876 1029 2930; x_wconf 88' lang='lat' dir='ltr'><strong>in</strong></span> <span class='ocrx_word' id='word_1_291' title='bbox 1067 2879 1188 2952; x_wconf 85' lang='lat' dir='ltr'><strong>Laji</strong></span> <span class='ocrx_word' id='word_1_292' title='bbox 1227 2882 1391 2936; x_wconf 87' lang='lat' dir='ltr'><strong>caede</strong></span> <span class='ocrx_word' id='word_1_293' title='bbox 1428 2889 1666 2934; x_wconf 87' lang='lat' dir='ltr'><strong>mortem</strong></span> <span class='ocrx_word' id='word_1_294' title='bbox 1704 2880 1853 2933; x_wconf 85' lang='lat' dir='ltr'><strong>solus</strong></span> <span class='ocrx_word' id='word_1_295' title='bbox 1890 2877 2096 2950; x_wconf 84' lang='lat' dir='ltr'><strong>effugit,</strong></span> <span class='ocrx_word' id='word_1_296' title='bbox 2134 2877 2197 2929; x_wconf 90' lang='lat' dir='ltr'><strong>in</strong></span> <span class='ocrx_word' id='word_1_297' title='bbox 2234 2894 2452 2930; x_wconf 82' lang='lat' dir='ltr'><strong>scenam</strong></span> <span class='ocrx_word' id='word_1_298' title='bbox 2491 2875 2768 2948; x_wconf 88' lang='lat' dir='ltr'><strong>produci-</strong></span> 
     </span>
     <span class='ocr_line' id='line_1_31' title="bbox 209 2968 2770 3047; baseline -0.004 -12"><span class='ocrx_word' id='word_1_299' title='bbox 209 2976 321 3024; x_wconf 69' lang='lat'><strong>²¹²1*-</strong></span> <span class='ocrx_word' id='word_1_300' title='bbox 417 2968 533 3034; x_wconf 79' lang='lat' dir='ltr'><strong>Qui</strong></span> <span class='ocrx_word' id='word_1_301' title='bbox 571 2988 747 3040; x_wconf 87' lang='lat' dir='ltr'><strong>quum</strong></span> <span class='ocrx_word' id='word_1_302' title='bbox 787 2972 982 3025; x_wconf 59' lang='lat' dir='ltr'><strong>multis</strong></span> <span class='ocrx_word' id='word_1_303' title='bbox 1028 2983 1084 3028; x_wconf 89' lang='lat' dir='ltr'><strong>et</strong></span> <span class='ocrx_word' id='word_1_304' title='bbox 1122 2977 1296 3031; x_wconf 84' lang='lat' dir='ltr'><strong>variis</strong></span> <span class='ocrx_word' id='word_1_305' title='bbox 1331 2975 1863 3047; x_wconf 85' lang='lat' dir='ltr'><strong>interrogationibus</strong></span> <span class='ocrx_word' id='word_1_306' title='bbox 1899 2972 2260 3047; x_wconf 87' lang='lat' dir='ltr'><strong>perturbatus</strong></span> <span class='ocrx_word' id='word_1_307' title='bbox 2299 2988 2494 3042; x_wconf 83' lang='lat' dir='ltr'><strong>aeque,</strong></span> <span class='ocrx_word' id='word_1_308' title='bbox 2548 2988 2612 3023; x_wconf 91' lang='lat' dir='ltr'><strong>ac</strong></span> <span class='ocrx_word' id='word_1_309' title='bbox 2650 2978 2770 3024; x_wconf 82' lang='lat' dir='ltr'><strong>ter-</strong></span> 
     </span>
     <span class='ocr_line' id='line_1_32' title="bbox 207 3062 2768 3144; baseline 0.003 -32"><span class='ocrx_word' id='word_1_310' title='bbox 207 3062 355 3114; x_wconf 88' lang='lat' dir='ltr'><strong>ritus</strong></span> <span class='ocrx_word' id='word_1_311' title='bbox 390 3063 586 3130; x_wconf 87' lang='lat' dir='ltr'><strong>minis,</strong></span> <span class='ocrx_word' id='word_1_312' title='bbox 629 3065 848 3118; x_wconf 81' lang='lat' dir='ltr'><strong>tandem</strong></span> <span class='ocrx_word' id='word_1_313' title='bbox 887 3069 1168 3124; x_wconf 83' lang='lat' dir='ltr'><strong>consessus</strong></span> <span class='ocrx_word' id='word_1_314' title='bbox 1204 3080 1366 3140; x_wconf 86' lang='lat' dir='ltr'><strong>esset,</strong></span> <span class='ocrx_word' id='word_1_315' title='bbox 1405 3089 1460 3126; x_wconf 90' lang='lat' dir='ltr'><strong>se</strong></span> <span class='ocrx_word' id='word_1_316' title='bbox 1497 3070 1618 3144; x_wconf 83' lang='lat' dir='ltr'><strong>Laji</strong></span> <span class='ocrx_word' id='word_1_317' title='bbox 1656 3070 1855 3140; x_wconf 86' lang='lat' dir='ltr'><strong>filium,</strong></span> <span class='ocrx_word' id='word_1_318' title='bbox 1897 3086 2061 3141; x_wconf 86' lang='lat' dir='ltr'><strong>quem</strong></span> <span class='ocrx_word' id='word_1_319' title='bbox 2099 3067 2168 3120; x_wconf 87' lang='lat' dir='ltr'><strong>ab</strong></span> <span class='ocrx_word' id='word_1_320' title='bbox 2212 3065 2434 3122; x_wconf 83' lang='lat' dir='ltr'><strong>Jocasta</strong></span> <span class='ocrx_word' id='word_1_321' title='bbox 2472 3065 2768 3137; x_wconf 84' lang='lat' dir='ltr'><strong>accepisset</strong></span> 
     </span>
     <span class='ocr_line' id='line_1_33' title="bbox 207 3156 2765 3239; baseline 0.001 -29"><span class='ocrx_word' id='word_1_322' title='bbox 207 3158 681 3226; x_wconf 87' lang='lat' dir='ltr'><strong>interficiendum,</strong></span> <span class='ocrx_word' id='word_1_323' title='bbox 722 3156 1026 3235; x_wconf 51' lang='lat' dir='ltr'><strong>Corinthio¹</strong></span> <span class='ocrx_word' id='word_1_324' title='bbox 1050 3165 1114 3218; x_wconf 87' lang='lat' dir='ltr'><strong>in</strong></span> <span class='ocrx_word' id='word_1_325' title='bbox 1151 3168 1393 3239; x_wconf 81' lang='lat' dir='ltr'><strong>patriam</strong></span> <span class='ocrx_word' id='word_1_326' title='bbox 1427 3186 1584 3221; x_wconf 85' lang='lat' dir='ltr'><strong>suam</strong></span> <span class='ocrx_word' id='word_1_327' title='bbox 1622 3183 1807 3220; x_wconf 87' lang='lat' dir='ltr'><strong>secum</strong></span> <span class='ocrx_word' id='word_1_328' title='bbox 1842 3161 2208 3217; x_wconf 83' lang='lat' dir='ltr'><strong>auferendum</strong></span> <span class='ocrx_word' id='word_1_329' title='bbox 2234 3159 2547 3226; x_wconf 88' lang='lat' dir='ltr'><strong>tradidisse,</strong></span> <span class='ocrx_word' id='word_1_330' title='bbox 2589 3158 2765 3212; x_wconf 87' lang='lat' dir='ltr'><strong>Oedi-</strong></span> 
     </span>
     <span class='ocr_line' id='line_1_34' title="bbox 208 3250 2765 3331; baseline 0.003 -28"><span class='ocrx_word' id='word_1_331' title='bbox 208 3270 315 3322; x_wconf 83' lang='lat' dir='ltr'><strong>pus</strong></span> <span class='ocrx_word' id='word_1_332' title='bbox 351 3250 506 3304; x_wconf 85' lang='lat' dir='ltr'><strong>haud</strong></span> <span class='ocrx_word' id='word_1_333' title='bbox 544 3254 783 3324; x_wconf 88' lang='lat' dir='ltr'><strong>amplius</strong></span> <span class='ocrx_word' id='word_1_334' title='bbox 822 3255 1073 3326; x_wconf 87' lang='lat' dir='ltr'><strong>dubitat,</strong></span> <span class='ocrx_word' id='word_1_335' title='bbox 1126 3262 1265 3331; x_wconf 87' lang='lat' dir='ltr'><strong>quin</strong></span> <span class='ocrx_word' id='word_1_336' title='bbox 1306 3270 1496 3329; x_wconf 74' lang='lat' dir='ltr'><strong>natuS,</strong></span> <span class='ocrx_word' id='word_1_337' title='bbox 1548 3280 1577 3314; x_wconf 88' lang='lat' dir='ltr'><strong>e</strong></span> <span class='ocrx_word' id='word_1_338' title='bbox 1630 3261 1834 3331; x_wconf 85' lang='lat' dir='ltr'><strong>quibus</strong></span> <span class='ocrx_word' id='word_1_339' title='bbox 1870 3277 1988 3312; x_wconf 87' lang='lat' dir='ltr'><strong>non</strong></span> <span class='ocrx_word' id='word_1_340' title='bbox 2026 3256 2367 3330; x_wconf 84' lang='lat' dir='ltr'><strong>oportuerit,</strong></span> <span class='ocrx_word' id='word_1_341' title='bbox 2419 3272 2547 3308; x_wconf 83' lang='lat' dir='ltr'><strong>cum</strong></span> <span class='ocrx_word' id='word_1_342' title='bbox 2585 3262 2765 3311; x_wconf 79' lang='lat' dir='ltr'><strong>matre</strong></span> 
     </span>
    </p>
   </div>
   <div class='ocr_carea' id='block_1_7' title="bbox 99 3345 1619 3424">
    <p class='ocr_par' dir='ltr' id='par_1_9' title="bbox 99 3345 1619 3424">
     <span class='ocr_line' id='line_1_35' title="bbox 99 3345 1619 3424; baseline 0.006 -26"><span class='ocrx_word' id='word_1_343' title='bbox 99 3356 107 3365; x_wconf 84' lang='lat'><strong><em>&#39;</em></strong></span> <span class='ocrx_word' id='word_1_344' title='bbox 203 3345 452 3418; x_wconf 87' lang='lat' dir='ltr'><strong>turpiter</strong></span> <span class='ocrx_word' id='word_1_345' title='bbox 502 3350 882 3416; x_wconf 74' lang='lat' dir='ltr'><strong>consueverit,</strong></span> <span class='ocrx_word' id='word_1_346' title='bbox 919 3361 975 3405; x_wconf 90' lang='lat' dir='ltr'><strong>et</strong></span> <span class='ocrx_word' id='word_1_347' title='bbox 1007 3362 1220 3424; x_wconf 86' lang='lat' dir='ltr'><strong>patrem</strong></span> <span class='ocrx_word' id='word_1_348' title='bbox 1258 3355 1619 3414; x_wconf 76' lang='lat' dir='ltr'><strong>interfecerit,</strong></span> 
     </span>
    </p>
   </div>
   <div class='ocr_carea' id='block_1_8' title="bbox 437 3437 2767 3508">
    <p class='ocr_par' dir='ltr' id='par_1_10' title="bbox 437 3437 2767 3508">
     <span class='ocr_line' id='line_1_36' title="bbox 437 3437 2767 3508; baseline 0 -12"><span class='ocrx_word' id='word_1_349' title='bbox 437 3437 675 3497; x_wconf 73' lang='lat' dir='ltr'><strong>Chorus</strong></span> <span class='ocrx_word' id='word_1_350' title='bbox 738 3445 940 3501; x_wconf 88' lang='lat' dir='ltr'><strong>deinde</strong></span> <span class='ocrx_word' id='word_1_351' title='bbox 1006 3467 1065 3503; x_wconf 84' lang='lat' dir='ltr'><strong>se</strong></span> <span class='ocrx_word' id='word_1_352' title='bbox 1118 3452 1398 3508; x_wconf 86' lang='lat' dir='ltr'><strong>neminem</strong></span> <span class='ocrx_word' id='word_1_353' title='bbox 1457 3451 1784 3508; x_wconf 78' lang='lat' dir='ltr'><strong>mortalium</strong></span> <span class='ocrx_word' id='word_1_354' title='bbox 1847 3445 2067 3502; x_wconf 79' lang='lat' dir='ltr'><strong>felicem</strong></span> <span class='ocrx_word' id='word_1_355' title='bbox 2130 3439 2460 3497; x_wconf 72' lang='lat' dir='ltr'><strong>habiturum</strong></span> <span class='ocrx_word' id='word_1_356' title='bbox 2517 3440 2767 3498; x_wconf 79' lang='lat' dir='ltr'><strong>declarat</strong></span> 
     </span>
    </p>
   </div>
  </div>
 </body>
</html>
