2974 3877
1287 78 1690 137 ...3.-

182 236 330 291 idem
372 235 576 288 nuntio
618 231 912 287 Corinthio
955 230 1190 299 accidit3
1243 227 1345 302 qui
1384 246 1592 301 quum,
1635 237 1902 304 tanquam
1942 234 2155 289 laetum
2193 236 2410 310 aliquid
2469 238 2760 307 allaturus,

185 338 502 402 metumque
540 329 686 382 circa
726 338 959 382 matrem
999 326 1323 380 ademturus
1363 322 1582 395 Oedipo
1636 328 1761 394 quis
1814 336 1949 383 esset
1999 330 2361 399 ostendisset,
2414 333 2763 388 contrarium

186 427 331 499 ejus,
369 425 523 496 quod
562 423 851 487 voluerat,
905 421 1089 476 effecit
1121 419 1188 488 ἶ).
1266 421 1351 472 Ita
1393 435 1487 489 spe
1541 436 1787 490 semper,
1836 421 1887 477 si,
1926 438 2036 493 qua
2076 439 2162 475 res
2211 422 2758 495 laetiorafl'ulgeret,

186 517 400 582 delusi,
441 524 495 569 et
537 534 571 569 a
613 514 818 568 minori
859 513 930 566 ad
969 513 1234 581 majorem
1273 509 1634 564 formidinem
1675 511 1874 579 delati,
1917 514 2118 587 Oedipi
2157 515 2426 586 denique,
2483 535 2625 588 quae
2678 525 2760 573 est

186 612 354 667 tertia
390 598 615 667 fabulae
653 627 800 680 pars,
841 606 1124 665 miseriam
1164 603 1570 674 cognoscimus„
1616 604 1804 674 Neque
1834 603 1941 659 hac
1968 605 2031 659 in
2067 615 2228 678 parte
2265 593 2562 680 praecipiti
2598 610 2758 680 quasi

186 707 337 760 saltu
372 705 437 770 in
474 703 685 756 medias
721 720 808 756 res
847 700 1221 757 immittimur‚
1300 697 1575 751 Audimus
1614 698 1860 771 primum
1897 697 2171 755 Jocastam
2195 721 2329 775 prae
2357 703 2557 758 timore
2581 698 2758 760 vitam

185 800 484 874 suspendio
524 799 741 865 finisse,
796 796 1000 850 deinde
1042 795 1352 865 Oedipum,
1404 794 1625 866 cognito
1665 793 1790 864 quis
1831 802 1997 862 esset,
2052 814 2304 867 quaeque
2355 797 2607 851 facinora
2659 797 2756 851 in·

183 894 332 947 scius
369 898 760 965 perpetrasset,
813 889 1004 942 oculos
1058 889 1164 948 sibi
1205 888 1482 954 effodiss03
1543 896 1665 941 tum
1705 888 1928 943 demum
1969 889 2231 942 miserum
2268 909 2451 944 senem
2465 926 2490 960 ,-
2519 892 2758 948 lumini-

182 990 300 1063 bus⁴
333 989 627 1052 orbatum,
672 985 954 1053 dirisque,
994 984 1204 1054 quibus
1243 982 1359 1054 ipse
1399 1002 1453 1036 se
1494 983 1744 1046 devovit,
1787 981 2130 1052 exagitatum
2169 982 2227 1035 in
2266 1001 2485 1047 scenam
2522 986 2755 1057 prodire

184 1085 461 1139 videmus,
555 1083 684 1147 Quo
728 1080 792 1134 fit
834 1087 896 1134 ut
950 1079 1109 1133 nullo
1164 1079 1226 1131 in
1273 1079 1396 1132 loco
1455 1078 1819 1140 remissi0r08‚
1875 1075 2024 1131 sicut
2077 1083 2240 1138 antea
2292 1077 2621 1146 formidine,
2673 1081 2755 1134 ita

186 1198 341 1230 nunc
376 1172 760 1229 misericordia
803 1192 1017 1242 semper
1056 1172 1256 1243 majori
1297 1173 1369 1225 ad
1406 1171 1573 1224 finem
1616 1190 1791 1240 usque
1830 1169 2156 1227 afficiamur.
2245 1171 2552 1241 Singularis
2589 1195 2754 1245 prae-

142 1257 566 1343 ;te1·ea‘poetae
623 1268 810 1320 arsin
856 1286 919 1319 00
966 1266 1143 1337 posita
1197 1274 1301 1330 est,
1362 1265 1548 1336 quod,
1601 1283 1739 1335 quac
1795 1264 2042 1316 fabulam
2096 1272 2344 1334 tempore
2399 1267 2751 1337 antecedunt,

135 1349 144 1437 f
188 1384 418 1434 eamque
456 1369 825 1435 praeparant,
883 1361 1109 1412 oracula
1160 1359 1465 1431 Apollinis,
1522 1359 1637 1431 Laji
1694 1359 1943 1426 caedem,
1998 1361 2244 1432 priorem
2287 1361 2487 1434 Oedipi
2529 1372 2751 1432 sortem,

126 1446 137 1546 ξ
186 1461 533 1525 Thebarum,
573 1475 747 1527 quum
786 1454 956 1526 pestis
1011 1453 1322 1524 ingruerit,
1377 1452 1746 1505 calamitatem
1783 1472 1895 1505 non
1938 1453 2204 1525 prologo,
2256 1473 2395 1525 quae
2450 1465 2531 1510 est
2579 1456 2753 1509 Euri-

128 1549 131 1554 ’
187 1556 338 1629 pidis
377 1552 723 1608 consuetudo
760 1551 836 1618 ²),
890 1558 1147 1616 enar-,iat
1203 1547 1299 1602 sed
1349 1547 1581 1619 singulis
1620 1546 1918 1617 colloquiis
1952 1565 2051 1600 suo
2092 1566 2339 1618 quaeque
2378 1548 2501 1601 loco
2541 1550 2620 1602 ita
2657 1550 2752 1602 in-

188 1649 357 1716 serit,
408 1653 475 1700 ut
512 1643 996 1698 continuationem
1037 1642 1345 1713 seriemque
1395 1661 1589 1696 rerum
1627 1661 1738 1694 non
1781 1642 2227 1716 interrumpunt,
2284 1644 2379 1697 sed
2419 1664 2518 1697 sua
2556 1654 2752 1718 sponte

189 1754 355 1801 enata
392 1761 505 1797 esse
543 1740 864 1797 videantur,
940 1737 1042 1789 His
1080 1737 1149 1790 de
1189 1736 1476 1808 tripartita
1515 1737 1733 1791 fabulae
1776 1737 2050 1791 divisione
2099 1739 2160 1791 in
2210 1738 2537 1793 universum
2585 1759 2752 1812 prae-

186 1838 394 1904 missis,
451 1832 698 1903 singulas
752 1838 940 1902 -paites
979 1830 1400 1901 palum-emus,
1482 1831 1739 1897 Quarum
1777 1852 1952 1903 quum
1989 1833 2150 1906 prior
2190 1842 2245 1887 et
2281 1835 2453 1888 altera
2493 1835 2554 1886 in
2591 1836 2774 1890 binas·

84 1958 116 2007 7
187 1951 438 2007 quaeque
494 1930 854 1993 dividantur,
922 1925 1170 1996 quinque
1236 1925 1456 1978 fabulae
1508 1935 1719 1997 paiteS,
1789 1923 1973 1979 choris
2047 1925 2388 1997 interpositis
2457 1927 2747 1999 sejunctas,

186 2035 462 2099 quantum
494 2041 596 2094 per
634 2020 797 2092 spatii
836 2019 1117 2089 angustias
1158 2018 1677 2087 licet,accu1atius
1716 2019 1983 2074 habemus
2019 2022 2355 2091 spectandas,
2430 2022 2497 2075 In
2539 2043 2648 2093 quo
2687 2026 2750 2077 id

183 2140 319 2197 prae
357 2117 552 2173 ceteris
593 2115 835 2187 agimuS,
891 2122 958 2167 ut
995 2131 1185 2167 rerum
1221 2131 1287 2166 ac
1328 2113 1757 2181 sententiarum,
1813 2132 1949 2185 quas
1990 2114 2309 2183 continent,
2358 2116 2746 2172 tantummodo

183 2234 424 2271 summas
463 2212 814 2281 attingentes,
854 2208 1133 2279 quomodo
1162 2209 1313 2261 inter
1353 2227 1407 2261 se
1447 2206 1792 2275 cohaereant,
1832 2206 2204 2266 ostendamus.

413 2308 548 2360 Pars
589 2305 629 2362 Ι.
685 2300 962 2359 Oraculo
1001 2298 1082 2355 ab
1120 2298 1414 2377 Apolline
1467 2302 1638 2359 edito
1668 2311 1942 2381 pestem,
1986 2321 2109 2380 qua
2157 2300 2404 2360 Thebae
2443 2323 2748 2382 preman-

187 2415 318 2473 tur,
383 2399 624 2459 ulcione
692 2417 735 2454 a
803 2394 962 2472 Lajc·
1028 2399 1297 2456 occisore
1365 2395 1647 2476 petenda
1712 2393 2014 2452 luendam
2080 2414 2239 2464 esse,
2314 2392 2747 2475 significatur,

183 2518 247 2557 v.
307 2503 337 2556 1
381 2528 458 2539 —
498 2495 627 2554 150.

338 2595 395 2660 1)
455 2585 541 2645 Co
545 2570 912 2664 lloqrmntur
962 2585 1132 2646 inter
1182 2609 1246 2647 se
1310 2588 1588 2669 Oedipus
1638 2597 1701 2647 et
1750 2583 2044 2644 sacerdos
2088 2584 2302 2644 Iovis.-
2354 2586 2612 2645 oraculo
2663 2585 2748 2645 ab

183 2682 488 2763 Apolline
529 2679 738 2758 Petito
795 2700 1056 2739 causam
1097 2683 1323 2761 pesti-5,
1374 2694 1437 2743 ec
1498 2704 1623 2763 qua
1676 2681 1925 2742 ratione
1972 2677 2069 2739 lui
2111 2680 2347 2760 possit,
2402 2681 2633 2759 optime
2683 2702 2753 2743 se

185 2777 619 2839 sciscitaturos
660 2794 789 2832 esse
829 2786 1099 2835 censent.
1147 2784 1371 2842 1-84,
1429 2782 1750 2837 Sacerdotes
1788 2797 1916 2835 cum
1953 2777 2145 2851 pueris
2176 2777 2583 2851 juvenibusque
2615 2780 2751 2837 dum

180 2877 404 2951 reliqua
442 2870 750 2926 multitudo
786 2869 1044 2942 squalore
1101 2883 1158 2927 et
1203 2875 1364 2928 luctu
1414 2875 1579 2948 plena
1632 2874 1695 2927 in
1741 2874 1864 2927 foro
1918 2871 2197 2926 auxilium
2247 2870 2530 2928 Minervae
2583 2886 2749 2948 atque

186 2969 461 3045 Apollinis
496 2966 793 3038 implorat,
854 2966 919 3018 in
970 2986 1066 3021 ara
1116 2978 1248 3022 ante
1286 2970 1495 3040 regiam
1535 2971 1762 3023 domum
1814 2965 1994 3039 posita
2034 2963 2354 3032 consident,
2405 2966 2473 3020 ab
2526 2969 2748 3041 Oedipo

182 3061 520 3139 expetituri,
571 3068 639 3113 ut
686 3057 820 3112 urbi
871 3058 1198 3131 gravissima
1235 3073 1387 3137 peste
1437 3063 1723 3119 laboranti
1767 3067 2078 3117 succurrat.
2153 3056 2321 3114 Hunc
2366 3080 2502 3132 prae
2552 3063 2749 3118 ceteris

179 3162 419 3226 adeunt,
472 3154 740 3229 quoniam
789 3172 1140 3212 communem
1181 3159 1551 3215 calamitatem
1604 3160 1676 3214 ad
1719 3175 1900 3229 regem
1946 3152 2199 3228 maxime·
2223 3153 2539 3226 pertinere,
2600 3174 2746 3212 eun·

249 3375 290 3437 ¹)
323 3375 452 3426 Oed.
484 3376 541 3424 R.
588 3374 724 3425 1003
774 3388 914 3437 seqq.
958 3375 1024 3422 cf.
1070 3375 1275 3428 Aristol.
1323 3376 1374 3426 d.
1424 3385 1473 3425 a.
1518 3382 1656 3439 poet.
1690 3389 1743 3422 c..
1769 3371 1857 3421 21.
1888 3366 1963 3428 ⁴²)
1995 3370 2064 3420 cf.
2092 3369 2269 3435 Reisig
2300 3377 2523 3423 enarrat.
2557 3370 2741 3438 Oedip.

298 3457 422 3505 Col.
452 3471 503 3519 p·
536 3456 668 3502 XVI.
712 3452 1040 3515 Aristophnn.
1071 3456 1201 3505 Ran.
1238 3474 1287 3508 v.
1320 3458 1456 3508 1200
1483 3472 1623 3521 seqq.
1657 3454 1737 3504 ed.
1772 3452 2052 3515 Hoepfnex·
2541 3491 2558 3496 Δ.
