2974 3877
1268 155 1337 168 ...
1454 118 1530 182 13
1637 155 1713 169 ..-

203 281 383 358 (1186
411 309 488 324 -·-
509 281 636 351 96),
676 281 942 353 quoniam
982 279 1294 351 Oedipum,
1345 294 1541 348 quem,
1592 283 1790 349 utpote
1821 280 2036 352 patriae
2071 279 2411 353 praesidium
2451 290 2618 351 atque
2656 280 2757 335 de-

206 395 332 446 cus,
378 377 630 432 omnium
675 376 1056 431 felicissimum
1106 370 1367 427 habuerit
1414 370 1515 443 (—
1561 371 1761 441 1203),
1814 390 1969 429 nunc
2006 372 2087 429 ita
2124 372 2312 449 videat
2348 372 2648 443 miserum,
2688 383 2757 429 ut

205 487 494 543 nunquam
531 470 736 527 vidisse
775 486 901 526 eum
938 476 1131 541 optare
1170 467 1365 522 debeat
1402 466 1500 536 (—
1536 466 1731 537 1222).

430 565 674 621 Tertiam
728 580 951 636 quoque
999 571 1054 618 et
1111 570 1365 634 quartam
1415 560 1639 616 fabulae
1687 571 1902 634 partem
1948 563 2030 618 ita
2070 573 2292 635 poetam
2328 561 2649 628 adornasse,
2688 569 2775 615 ut.

202 672 321 714 non
372 656 561 713 minus
613 655 855 728 egregie,
911 674 1078 727 quam
1130 654 1317 727 prima
1360 664 1426 711 et
1463 654 1669 723 altera,
1705 659 1867 714 'inter
1905 678 1961 714 se
1996 657 2365 724 conveniant,
2417 656 2589 713 verbo
2628 674 2750 709 mo—

201 753 390 810 nuisse
440 752 573 806 satis
623 750 817 811 habeo,
912 751 1161 822 Utraque
1213 749 1475 807 ver'satur
1532 751 1597 806 in
1659 752 1951 825 probanda
2003 750 2219 808 oraculi
2269 747 2748 820 interpretatione,

202 864 370 918 quam
406 846 642 901 Tiresias
677 846 993 919 proposuit.
1073 846 1243 913 Quod
1284 847 1363 900 ita
1414 846 1505 914 fit,
1566 855 1654 901 ut.
1684 848 1745 901 in
1782 848 1946 902 tertia
1987 856 2147 919 parte
2185 848 2383 921 Lajum
2422 848 2489 899 ab
2531 843 2747 915 Oedipo

201 942 560 995 interfectum
612 959 723 995 esse
770 940 1073 994 verisimile
1117 941 1420 1006 reddatur,
1476 941 1538 992 in
1591 951 1791 1011 quarta
1838 961 1971 996 vero
2023 944 2219 1016 Lajum
2266 938 2592 1009 ab-Oedipo
2631 936 2750 988 filio

201 1031 560 1086 interfectum
596 1050 709 1086 esse
744 1031 992 1103 primum
1026 1031 1269 1085 locastae
1306 1051 1408 1104 per
1444 1035 1706 1087 nuntium
1749 1035 2119 1103 Corinthium,
2159 1033 2361 1088 deinde
2398 1032 2507 1106 ipsi
2535 1029 2750 1101 Oedipo

201 1145 305 1199 per
341 1128 463 1200 Laji
503 1131 725 1182 Servum
759 1126 1177 1196 persuadeatur.
1250 1127 1443 1197 Neque
1491 1127 1881 1199 negligendum
1920 1147 2031 1183 esse
2066 1135 2231 1198 pute,
2280 1123 2518 1196 singulis
2570 1120 2750 1194 parti-

200 1219 309 1273 bus
358 1227 601 1291 quatuor
649 1218 932 1273 contineri
981 1218 1290 1290 colloquia3
1353 1240 1593 1291 quorum
1643 1223 1890 1293 primum
1954 1232 2011 1276 et
2057 1220 2289 1275 tertium
2341 1216 2570 1272 levioris
2615 1222 2749 1269 sunt

201 1314 471 1370 momenti
510 1324 675 1385 atque
714 1315 1017 1386 ejusmodi,
1056 1323 1121 1370 ut
1161 1315 1468 1370 secundum
1512 1326 1568 1371 et
1607 1327 1873 1388 quartum
1913 1321 2261 1389 praeparent.

424 1409 560 1462 Pars
603 1408 669 1464 V.
742 1406 1088 1464 Oraculum
1124 1405 1447 1484 Apollinis
1486 1407 1556 1464 in
1605 1428 1917 1467 summam
1965 1406 2196 1486 Oedipi
2230 1402 2554 1463 miseriam
2589 1421 2744 1459 eva-

203 1499 319 1563 dit.
362 1506 508 1564 1223
534 1534 612 1547 —
647 1501 808 1564 1350.
886 1505 1078 1570 Quum
1126 1504 1239 1576 jam
1274 1504 1427 1576 apud
1466 1522 1656 1559 omnes
1693 1513 1933 1572 constet,
1983 1502 2180 1574 Lajum
2231 1502 2300 1555 ab
2356 1499 2573 1572 Oedipo
2632 1515 2746 1551 esse

201 1597 459 1666 occisum,
500 1615 641 1670 opus
679 1607 779 1666 est,
821 1617 931 1669 quo
964 1598 1155 1653 fabula
1193 1599 1529 1667 absolvatur,
1571 1599 1735 1669 diras,
1779 1618 1915 1670 quas
1941 1596 2258 1671 percussori
2295 1595 2419 1667 Laji
2456 1612 2528 1650 ex
2564 1593 2744 1665 Apol—

199 1691 333 1747 linis
370 1693 599 1747 oraculo
642 1694 890 1764 Oedipus
931 1693 1267 1765 imprecatus
1304 1703 1414 1760 est,
1453 1694 1517 1746 in
1550 1693 1705 1747 hunc
1740 1695 1921 1765 ipsum
1961 1693 2224 1748 recidere.

358 1786 413 1853 1)
459 1783 638 1855 Quae
674 1783 851 1840 mala
888 1783 1146 1842 ,Iocasta
1185 1794 1246 1841 et
1309 1784 1586 1862 Oedipus
1635 1785 1759 1843 sibi
1795 1785 2241 1854 οοηεοίιένίηι,
2290 1780 2492 1840 Clzoro
2529 1777 2608 1835 ab
2647 1777 2744 1833 in-

201 1879 522 1937 ternuntio
568 1875 955 1956 referuntur.
1011 1913 1084 1923 —
1138 1884 1303 1941 1296.
1378 1884 1769 1938 internuntius
1821 1882 2000 1936 Choro
2052 1887 2276 1946 narrat,
2322 1881 2626 1941 Jocastam,
2677 1882 2744 1926 ut

195 1973 348 2029 intra
387 1975 617 2028 domum
655 1993 709 2030 se
748 1975 1079 2047 abripuerit,
1118 1977 1415 2048 suspendio
1457 1978 1633 2032 vitam
1674 1979 1889 2043 finisse3
1946 1976 2224 2047 Oedipum
2267 1969 2469 2026 deinde
2507 1968 2743 2023 effractis

199 2070 412 2124 foribus
436 2069 498 2123 in
522 2070 843 2124 cubiculum
882 2071 1127 2139 irruisse,
1169 2081 1222 2126 et
1259 2090 1433 2142 quum
1476 2073 1808 2143 pendentem
1847 2067 2201 2144 conspexerit
2239 2066 2553 2130 mulierem,
2594 2063 2742 2137 inter

197 2163 619 2217 lamentationes
658 2164 837 2220 aureis
877 2165 994 2236 ejus
1031 2164 1219 2219 fibulis
1257 2167 1444 2219 oculos
1496 2166 1603 2219 sibi
1643 2167 1907 2223 effodisse.
1983 2161 2291 2219 Admireris
2337 2179 2469 2213 sane
2506 2159 2569 2210 in
2602 2156 2739 2210 tali-

200 2256 305 2310 bus
332 2266 593 2312 veterum
634 2257 972 2327 tragicorum
1010 2258 1237 2330 pulchri
1276 2278 1526 2328 sensum,
1569 2261 1702 2330 qui,
1761 2259 2026 2330 quoniam
2076 2254 2361 2308 horrenda
2414 2261 2468 2305 et
2518 2260 2740 2321 aspectu

200 2351 360 2405 foeda
398 2351 607 2417 audiri,
649 2371 813 2422 quam
853 2353 1008 2406 cerni
1043 2354 1376 2422 maluerint,
1419 2375 1480 2408 ea
1521 2375 1688 2426 quam
1725 2355 2038 2426 longissime
2079 2354 2146 2404 ab
2187 2350 2366 2406 oculis
2403 2354 2739 2410 removeant,

200 2455 256 2501 et
290 2464 392 2520 per
427 2448 765 2500 internutios
804 2448 1085 2506 edoceant.
1163 2449 1230 2507 cf,
1272 2450 1492 2503 Lobeck
1531 2449 1601 2503 ad
1639 2450 1806 2521 Soph.
1845 2447 1996 2520 Ajac.
2039 2447 2173 2504 814.

347 2542 406 2611 2)
451 2535 726 2617 Oedipus
776 2537 965 2598 miser
1007 2537 1207 2597 Clioro
1245 2540 1314 2597 in
1355 2550 1750 2619 conspectum
1804 2541 2013 2607 datur,
2061 2573 2138 2584 —
2180 2539 2349 2599 1418.
2420 2541 2489 2608 111
2526 2551 2739 2588 scenam

187 2637 537 2709 productus,
575 2646 642 2690 ut
683 2638 798 2709 ejus
843 2638 1099 2705 miseria,
1140 2639 1185 2691 si
1220 2658 1337 2691 non
1374 2639 1553 2691 solum
1599 2640 1830 2693 auribus
1870 2637 2229 2708 acciperetur,
2269 2632 2365 2686 sed
2403 2630 2567 2684 etiam
2602 2644 2738 2680 ocu-

196 2729 267 2782 lis
306 2737 659 2797 cerneretur,
712 2738 973 2800 quantam
1011 2732 1314 2785 maximam
1358 2743 1544 2804 posset
1590 2733 2029 2789 misericordiam
2067 2736 2345 2796 moveret,
2399 2725 2504 2778 sibi
2543 2722 2738 2776 melius

196 2823 364 2878 fuisse
399 2824 764 2892 lamentatur,
805 2844 923 2878 non
958 2826 1137 2894 nasci,
1178 2838 1271 2881 aut
1308 2846 1500 2880 recens
1540 2838 1733 2881 natum
1771 2826 2032 2893 interire,
2090 2842 2256 2893 quam
2296 2820 2504 2873 doloris
2549 2835 2735 2886 aeque,

194 2935 259 2969 ac
296 2917 664 2970 conscientiae
703 2918 945 2971 stimulis
995 2938 1344 2989 percussum,
1406 2922 1598 2976 amicis
1655 2923 1820 2975 simul
1864 2919 2130 2974 maeroris
2180 2934 2293 2969 esse
2344 2932 2579 2972 causam.
2668 2912 2733 2964 In

195 3030 307 3084 quo
360 3030 534 3084 quum
588 3011 756 3066 Chori
802 3013 995 3067 tulerit
1051 3033 1355 3082 assensum,
1409 3017 1673 3086 quoniam
1723 3036 1840 3069 non
1892 3017 2110 3082 vivere,
2164 3031 2331 3084 quam
2383 3027 2604 3063 caecum
2642 3007 2733 3058 vi·

194 3123 326 3160 vere
362 3112 631 3177 praestet,
688 3106 861 3159 oculis
900 3126 1085 3162 carere
1122 3107 1448 3187 *gratam
1485 3132 1606 3167 rem
1648 3133 1791 3181 esse,
1843 3113 1934 3165 cui
1970 3110 2116 3164 nihil
2156 3106 2527 3180 superfuerit,
2582 3103 2735 3174 quod

194 3204 319 3257 visu
357 3203 427 3257 sit
466 3222 662 3267 suave,
708 3203 846 3273 quin
886 3204 1049 3256 etiam
1087 3225 1418 3278 magnopere
1456 3210 1615 3280 petit,
1659 3218 1723 3262 ut
1764 3227 1816 3260 se
1855 3206 1943 3258 vel
1983 3205 2044 3256 in
2082 3205 2285 3271 locum,
2326 3200 2425 3252 ubi
2462 3218 2577 3252 non
2616 3217 2732 3249 am-

190 3296 344 3369 plius
384 3294 788 3369 conspiciatur,
830 3295 1120 3367 abjiciant,
1159 3301 1249 3353 vel
1286 3303 1555 3360 occidant.
1649 3307 1908 3359 Ceterum
1945 3301 2009 3353 in
2046 3298 2154 3352 hoc
2193 3314 2416 3368 quoque
2455 3295 2732 3364 colloquio

196 3398 251 3445 et
289 3389 536 3460 Oedipus
575 3398 629 3442 et
680 3388 895 3443 Chorus
930 3410 1195 3448 summam
1246 3396 1560 3452 animorum
1610 3395 2046 3462 commotionem,
2092 3389 2440 3462 gravioribus
2456 3427 2474 3453 ,
2534 3388 2735 3459 quibus

190 3489 466 3550 utuntur,
504 3481 753 3536 numeris
786 3482 1111 3553 significant.
