<?xml version="1.0" encoding="UTF-8"?>
<!DOCTYPE html PUBLIC "-//W3C//DTD XHTML 1.0 Transitional//EN"
    "http://www.w3.org/TR/xhtml1/DTD/xhtml1-transitional.dtd">
<html xmlns="http://www.w3.org/1999/xhtml" xml:lang="en" lang="en">
 <head>
  <title>
</title>
<meta http-equiv="Content-Type" content="text/html;charset=utf-8" />
  <meta name='ocr-system' content='tesseract 3.04.00' />
  <meta name='ocr-capabilities' content='ocr_page ocr_carea ocr_par ocr_line ocrx_word'/>
</head>
<body>
  <div class='ocr_page' id='page_1' title='image "./4768547_0018.png"; bbox 0 0 2974 3877; ppageno 0'>
   <div class='ocr_carea' id='block_1_1' title="bbox 1237 121 1650 185">
    <p class='ocr_par' dir='ltr' id='par_1_1' title="bbox 1237 121 1650 185">
     <span class='ocr_line' id='line_1_1' title="bbox 1237 121 1650 185; baseline -0.005 -12"><span class='ocrx_word' id='word_1_1' title='bbox 1237 121 1650 185; x_wconf 79' lang='grc'>...9-</span> 
     </span>
    </p>
   </div>
   <div class='ocr_carea' id='block_1_2' title="bbox 164 273 2726 636">
    <p class='ocr_par' dir='ltr' id='par_1_2' title="bbox 164 273 2726 636">
     <span class='ocr_line' id='line_1_2' title="bbox 168 273 2726 354; baseline -0.001 -15"><span class='ocrx_word' id='word_1_2' title='bbox 168 282 403 354; x_wconf 87' lang='lat' dir='ltr'><strong>demque</strong></span> <span class='ocrx_word' id='word_1_3' title='bbox 415 304 439 351; x_wconf 86' lang='lat'><strong>·,</strong></span> <span class='ocrx_word' id='word_1_4' title='bbox 477 282 630 353; x_wconf 80' lang='lat' dir='ltr'><strong>quod</strong></span> <span class='ocrx_word' id='word_1_5' title='bbox 658 282 806 337; x_wconf 78' lang='lat' dir='ltr'><strong>&#39;olim</strong></span> <span class='ocrx_word' id='word_1_6' title='bbox 848 280 1133 335; x_wconf 82' lang='lat' dir='ltr'><strong>civitatem</strong></span> <span class='ocrx_word' id='word_1_7' title='bbox 1172 295 1203 330; x_wconf 84' lang='lat' dir='ltr'><strong>a</strong></span> <span class='ocrx_word' id='word_1_8' title='bbox 1230 273 1486 347; x_wconf 75' lang='lat' dir='ltr'>Sphingis</span> <span class='ocrx_word' id='word_1_9' title='bbox 1521 274 1916 331; x_wconf 71' lang='lat' dir='ltr'><strong>vexationibus</strong></span> <span class='ocrx_word' id='word_1_10' title='bbox 1952 274 2228 345; x_wconf 76' lang='lat' dir='ltr'><strong>liberarit,</strong></span> <span class='ocrx_word' id='word_1_11' title='bbox 2264 277 2328 332; x_wconf 85' lang='lat' dir='ltr'><strong>in</strong></span> <span class='ocrx_word' id='word_1_12' title='bbox 2363 276 2525 334; x_wconf 73' lang='lat' dir='ltr'><strong>malis</strong></span> <span class='ocrx_word' id='word_1_13' title='bbox 2559 297 2726 336; x_wconf 73' lang='lat' dir='ltr'><strong>aver-</strong></span> 
     </span>
     <span class='ocr_line' id='line_1_3' title="bbox 166 369 2725 448; baseline -0.002 -14"><span class='ocrx_word' id='word_1_14' title='bbox 166 376 354 434; x_wconf 79' lang='lat' dir='ltr'><strong>tendis</strong></span> <span class='ocrx_word' id='word_1_15' title='bbox 391 377 623 432; x_wconf 88' lang='lat' dir='ltr'><strong>consilio</strong></span> <span class='ocrx_word' id='word_1_16' title='bbox 661 376 848 431; x_wconf 83' lang='lat' dir='ltr'><strong>valere</strong></span> <span class='ocrx_word' id='word_1_17' title='bbox 883 382 1107 448; x_wconf 84' lang='lat' dir='ltr'><strong>putant.</strong></span> <span class='ocrx_word' id='word_1_18' title='bbox 1198 372 1390 441; x_wconf 83' lang='lat' dir='ltr'><strong>Neque</strong></span> <span class='ocrx_word' id='word_1_19' title='bbox 1437 369 1626 441; x_wconf 83' lang='lat' dir='ltr'><strong>opinio</strong></span> <span class='ocrx_word' id='word_1_20' title='bbox 1682 390 1773 424; x_wconf 90' lang='lat' dir='ltr'><strong>eos</strong></span> <span class='ocrx_word' id='word_1_21' title='bbox 1822 371 2041 431; x_wconf 79' lang='lat' dir='ltr'><strong>fefellit,</strong></span> <span class='ocrx_word' id='word_1_22' title='bbox 2130 371 2413 444; x_wconf 84' lang='lat' dir='ltr'><strong>Oedipum</strong></span> <span class='ocrx_word' id='word_1_23' title='bbox 2463 373 2612 427; x_wconf 86' lang='lat' dir='ltr'><strong>enim</strong></span> <span class='ocrx_word' id='word_1_24' title='bbox 2655 372 2725 429; x_wconf 91' lang='lat' dir='ltr'><strong>de</strong></span> 
     </span>
     <span class='ocr_line' id='line_1_4' title="bbox 164 465 2724 540; baseline -0.002 -15"><span class='ocrx_word' id='word_1_25' title='bbox 164 469 325 525; x_wconf 84' lang='lat' dir='ltr'><strong>urbis</strong></span> <span class='ocrx_word' id='word_1_26' title='bbox 358 471 534 526; x_wconf 85' lang='lat' dir='ltr'><strong>salute</strong></span> <span class='ocrx_word' id='word_1_27' title='bbox 571 470 902 538; x_wconf 85' lang='lat' dir='ltr'><strong>sollicitum,</strong></span> <span class='ocrx_word' id='word_1_28' title='bbox 944 468 1097 540; x_wconf 88' lang='lat' dir='ltr'><strong>quod</strong></span> <span class='ocrx_word' id='word_1_29' title='bbox 1134 484 1312 521; x_wconf 87' lang='lat' dir='ltr'><strong>unum</strong></span> <span class='ocrx_word' id='word_1_30' title='bbox 1353 465 1656 517; x_wconf 76' lang='lat' dir='ltr'><strong>calamitati</strong></span> <span class='ocrx_word' id='word_1_31' title='bbox 1692 465 1984 518; x_wconf 84' lang='lat' dir='ltr'><strong>invenerat</strong></span> <span class='ocrx_word' id='word_1_32' title='bbox 2019 467 2343 535; x_wconf 86' lang='lat' dir='ltr'><strong>remedium,</strong></span> <span class='ocrx_word' id='word_1_33' title='bbox 2390 466 2724 536; x_wconf 76' lang='lat' dir='ltr'><strong>adhibuisse,</strong></span> 
     </span>
     <span class='ocr_line' id='line_1_5' title="bbox 167 559 2720 636; baseline -0.002 -20"><span class='ocrx_word' id='word_1_34' title='bbox 167 564 598 636; x_wconf 88' lang='lat' dir='ltr'><strong>Creontemque,</strong></span> <span class='ocrx_word' id='word_1_35' title='bbox 638 572 705 617; x_wconf 84' lang='lat' dir='ltr'><strong>ut</strong></span> <span class='ocrx_word' id='word_1_36' title='bbox 742 562 1057 635; x_wconf 85' lang='lat' dir='ltr'><strong>Apollinem</strong></span> <span class='ocrx_word' id='word_1_37' title='bbox 1096 559 1438 626; x_wconf 83' lang='lat' dir='ltr'><strong>consuleret,</strong></span> <span class='ocrx_word' id='word_1_38' title='bbox 1484 559 1730 630; x_wconf 85' lang='lat' dir='ltr'><strong>Delphos</strong></span> <span class='ocrx_word' id='word_1_39' title='bbox 1767 559 1974 612; x_wconf 83' lang='lat' dir='ltr'><strong>misisse</strong></span> <span class='ocrx_word' id='word_1_40' title='bbox 2017 570 2368 630; x_wconf 86' lang='lat' dir='ltr'><strong>cognoscunt.</strong></span> <span class='ocrx_word' id='word_1_41' title='bbox 2448 559 2569 615; x_wconf 77' lang='lat' dir='ltr'><strong>Hac</strong></span> <span class='ocrx_word' id='word_1_42' title='bbox 2609 562 2720 632; x_wconf 86' lang='lat' dir='ltr'><strong>igi-</strong></span> 
     </span>
    </p>
   </div>
   <div class='ocr_carea' id='block_1_3' title="bbox 163 651 2721 737">
    <p class='ocr_par' dir='ltr' id='par_1_3' title="bbox 163 651 2721 737">
     <span class='ocr_line' id='line_1_6' title="bbox 163 651 2721 737; baseline -0.002 -26"><span class='ocrx_word' id='word_1_43' title='bbox 163 664 260 711; x_wconf 85' lang='lat' dir='ltr'><strong>tur</strong></span> <span class='ocrx_word' id='word_1_44' title='bbox 299 657 518 710; x_wconf 85' lang='lat' dir='ltr'><strong>fabulae</strong></span> <span class='ocrx_word' id='word_1_45' title='bbox 554 664 715 729; x_wconf 88' lang='lat' dir='ltr'><strong>parte</strong></span> <span class='ocrx_word' id='word_1_46' title='bbox 751 674 839 709; x_wconf 88' lang='lat' dir='ltr'><strong>res</strong></span> <span class='ocrx_word' id='word_1_47' title='bbox 875 654 1287 733; x_wconf 40' lang='lat' dir='ltr'><strong>Thebanorum„</strong></span> <span class='ocrx_word' id='word_1_48' title='bbox 1305 651 1543 705; x_wconf 83' lang='lat' dir='ltr'><strong>afflictae</strong></span> <span class='ocrx_word' id='word_1_49' title='bbox 1570 660 1954 733; x_wconf 50' lang='lat' dir='ltr'><strong>expgn-ugtur,</strong></span> <span class='ocrx_word' id='word_1_50' title='bbox 1987 653 2263 724; x_wconf 86' lang='lat' dir='ltr'><strong>simulque</strong></span> <span class='ocrx_word' id='word_1_51' title='bbox 2289 653 2568 737; x_wconf 77' lang='lat' dir='ltr'><strong>Apollinis</strong></span> <span class='ocrx_word' id='word_1_52' title='bbox 2596 674 2721 726; x_wconf 61' lang='lat' dir='ltr'><strong>orn·</strong></span> 
     </span>
    </p>
   </div>
   <div class='ocr_carea' id='block_1_4' title="bbox 162 749 2723 918">
    <p class='ocr_par' dir='ltr' id='par_1_4' title="bbox 162 749 2723 918">
     <span class='ocr_line' id='line_1_7' title="bbox 162 749 782 824; baseline -0.002 -20.995"><span class='ocrx_word' id='word_1_53' title='bbox 162 749 379 824; x_wconf 56' lang='lat' dir='ltr'>QEQ</span> <span class='ocrx_word' id='word_1_54' title='bbox 380 759 782 823; x_wconf 52' lang='lat' dir='ltr'><strong>praeparatur„</strong></span> 
     </span>
     <span class='ocr_line' id='line_1_8' title="bbox 312 833 2723 918; baseline 0.002 -19"><span class='ocrx_word' id='word_1_55' title='bbox 312 842 373 911; x_wconf 84' lang='lat'><strong>2)</strong></span> <span class='ocrx_word' id='word_1_56' title='bbox 421 836 865 916; x_wconf 81' lang='lat' dir='ltr'><strong>Colloquentib</strong></span> <span class='ocrx_word' id='word_1_57' title='bbox 854 859 923 895; x_wconf 75' lang='lat' dir='ltr'><strong>es</strong></span> <span class='ocrx_word' id='word_1_58' title='bbox 959 836 1327 918; x_wconf 80' lang='lat' dir='ltr'><strong>supervenit</strong></span> <span class='ocrx_word' id='word_1_59' title='bbox 1360 834 1579 895; x_wconf 84' lang='lat' dir='ltr'><strong>Creon.</strong></span> <span class='ocrx_word' id='word_1_60' title='bbox 1614 833 1960 894; x_wconf 78' lang='lat' dir='ltr'><strong>oraculum</strong></span> <span class='ocrx_word' id='word_1_61' title='bbox 1975 835 2373 916; x_wconf 81' lang='lat' dir='ltr'><strong>proponitur.</strong></span> <span class='ocrx_word' id='word_1_62' title='bbox 2413 839 2723 904; x_wconf 79' lang='lat'><strong>84—150.</strong></span> 
     </span>
    </p>
   </div>
   <div class='ocr_carea' id='block_1_5' title="bbox 154 932 2741 3375">
    <p class='ocr_par' dir='ltr' id='par_1_5' title="bbox 155 932 2741 2044">
     <span class='ocr_line' id='line_1_9' title="bbox 389 932 2723 1007; baseline 0.001 -20"><span class='ocrx_word' id='word_1_63' title='bbox 389 935 569 990; x_wconf 86' lang='lat' dir='ltr'><strong>Creon</strong></span> <span class='ocrx_word' id='word_1_64' title='bbox 607 936 698 989; x_wconf 89' lang='lat' dir='ltr'><strong>dei</strong></span> <span class='ocrx_word' id='word_1_65' title='bbox 734 954 1024 1007; x_wconf 90' lang='lat' dir='ltr'><strong>respons0,</strong></span> <span class='ocrx_word' id='word_1_66' title='bbox 1087 936 1285 989; x_wconf 87' lang='lat' dir='ltr'><strong>urbem</strong></span> <span class='ocrx_word' id='word_1_67' title='bbox 1322 935 1403 987; x_wconf 84' lang='lat' dir='ltr'><strong>ita</strong></span> <span class='ocrx_word' id='word_1_68' title='bbox 1440 934 1873 1006; x_wconf 80' lang='lat' dir='ltr'><strong>respiraturam,</strong></span> <span class='ocrx_word' id='word_1_69' title='bbox 1914 933 1958 984; x_wconf 87' lang='lat' dir='ltr'><strong>si</strong></span> <span class='ocrx_word' id='word_1_70' title='bbox 1998 932 2116 1005; x_wconf 80' lang='lat' dir='ltr'><strong>Laji</strong></span> <span class='ocrx_word' id='word_1_71' title='bbox 2157 933 2398 1001; x_wconf 84' lang='lat' dir='ltr'><strong>occisor,</strong></span> <span class='ocrx_word' id='word_1_72' title='bbox 2439 935 2537 1005; x_wconf 88' lang='lat' dir='ltr'><strong>qui</strong></span> <span class='ocrx_word' id='word_1_73' title='bbox 2575 933 2723 990; x_wconf 80' lang='lat' dir='ltr'><strong>The-</strong></span> 
     </span>
     <span class='ocr_line' id='line_1_10' title="bbox 161 1027 2722 1105; baseline 0.002 -23"><span class='ocrx_word' id='word_1_74' title='bbox 161 1028 248 1082; x_wconf 89' lang='lat' dir='ltr'><strong>bis</strong></span> <span class='ocrx_word' id='word_1_75' title='bbox 298 1027 582 1096; x_wconf 76' lang='lat' dir='ltr'><strong>versetur,</strong></span> <span class='ocrx_word' id='word_1_76' title='bbox 630 1037 728 1082; x_wconf 88' lang='lat' dir='ltr'><strong>aut</strong></span> <span class='ocrx_word' id='word_1_77' title='bbox 761 1030 903 1081; x_wconf 90' lang='lat' dir='ltr'><strong>urbe</strong></span> <span class='ocrx_word' id='word_1_78' title='bbox 941 1029 1218 1100; x_wconf 81' lang='lat' dir='ltr'><strong>pellatur,</strong></span> <span class='ocrx_word' id='word_1_79' title='bbox 1259 1036 1357 1081; x_wconf 86' lang='lat' dir='ltr'><strong>aut</strong></span> <span class='ocrx_word' id='word_1_80' title='bbox 1393 1027 1798 1096; x_wconf 81' lang='lat' dir='ltr'><strong>interficiatur,</strong></span> <span class='ocrx_word' id='word_1_81' title='bbox 1836 1029 2045 1098; x_wconf 79' lang='lat' dir='ltr'><strong>relato,</strong></span> <span class='ocrx_word' id='word_1_82' title='bbox 2104 1031 2306 1086; x_wconf 90' lang='lat' dir='ltr'><strong>deinde</strong></span> <span class='ocrx_word' id='word_1_83' title='bbox 2344 1032 2527 1100; x_wconf 80' lang='lat' dir='ltr'><strong>addit,</strong></span> <span class='ocrx_word' id='word_1_84' title='bbox 2580 1051 2722 1105; x_wconf 86' lang='lat' dir='ltr'><strong>quae</strong></span> 
     </span>
     <span class='ocr_line' id='line_1_11' title="bbox 166 1121 2722 1194; baseline 0.001 -17"><span class='ocrx_word' id='word_1_85' title='bbox 166 1123 379 1193; x_wconf 90' lang='lat' dir='ltr'><strong>Oedipo</strong></span> <span class='ocrx_word' id='word_1_86' title='bbox 418 1121 608 1193; x_wconf 85' lang='lat' dir='ltr'><strong>ignota</strong></span> <span class='ocrx_word' id='word_1_87' title='bbox 648 1122 816 1192; x_wconf 79' lang='lat' dir='ltr'><strong>vulgo</strong></span> <span class='ocrx_word' id='word_1_88' title='bbox 854 1123 920 1176; x_wconf 91' lang='lat' dir='ltr'><strong>de</strong></span> <span class='ocrx_word' id='word_1_89' title='bbox 959 1122 1078 1194; x_wconf 81' lang='lat' dir='ltr'><strong>Laji</strong></span> <span class='ocrx_word' id='word_1_90' title='bbox 1116 1139 1247 1176; x_wconf 90' lang='lat' dir='ltr'><strong>nece</strong></span> <span class='ocrx_word' id='word_1_91' title='bbox 1285 1121 1638 1176; x_wconf 82' lang='lat' dir='ltr'><strong>serebantur:</strong></span> <span class='ocrx_word' id='word_1_92' title='bbox 1691 1141 1817 1177; x_wconf 89' lang='lat' dir='ltr'><strong>eum</strong></span> <span class='ocrx_word' id='word_1_93' title='bbox 1869 1122 1943 1177; x_wconf 84' lang='lat' dir='ltr'><strong>ad</strong></span> <span class='ocrx_word' id='word_1_94' title='bbox 1984 1124 2388 1180; x_wconf 87' lang='lat' dir='ltr'><strong>consulendum</strong></span> <span class='ocrx_word' id='word_1_95' title='bbox 2428 1126 2722 1180; x_wconf 87' lang='lat' dir='ltr'><strong>oraculum</strong></span> 
     </span>
     <span class='ocr_line' id='line_1_12' title="bbox 159 1213 2722 1292; baseline 0.003 -25"><span class='ocrx_word' id='word_1_96' title='bbox 159 1216 475 1288; x_wconf 86' lang='lat' dir='ltr'><strong>profectum</strong></span> <span class='ocrx_word' id='word_1_97' title='bbox 511 1214 574 1266; x_wconf 87' lang='lat' dir='ltr'><strong>in</strong></span> <span class='ocrx_word' id='word_1_98' title='bbox 614 1215 814 1267; x_wconf 88' lang='lat' dir='ltr'><strong>itinere</strong></span> <span class='ocrx_word' id='word_1_99' title='bbox 852 1235 881 1267; x_wconf 85' lang='lat' dir='ltr'><strong>a</strong></span> <span class='ocrx_word' id='word_1_100' title='bbox 916 1214 1178 1286; x_wconf 87' lang='lat' dir='ltr'><strong>pluribus</strong></span> <span class='ocrx_word' id='word_1_101' title='bbox 1216 1213 1533 1269; x_wconf 80' lang='lat' dir='ltr'><strong>latronibus</strong></span> <span class='ocrx_word' id='word_1_102' title='bbox 1571 1215 1618 1284; x_wconf 88' lang='lat'><strong>1)</strong></span> <span class='ocrx_word' id='word_1_103' title='bbox 1657 1215 2017 1276; x_wconf 85' lang='lat' dir='ltr'><strong>interemtum</strong></span> <span class='ocrx_word' id='word_1_104' title='bbox 2056 1234 2186 1276; x_wconf 81' lang='grc'><strong>8888.</strong></span> <span class='ocrx_word' id='word_1_105' title='bbox 2264 1218 2490 1284; x_wconf 84' lang='lat' dir='ltr'><strong>Quibus</strong></span> <span class='ocrx_word' id='word_1_106' title='bbox 2528 1221 2722 1292; x_wconf 88' lang='lat' dir='ltr'><strong>cogni-</strong></span> 
     </span>
     <span class='ocr_line' id='line_1_13' title="bbox 158 1307 2722 1386; baseline 0.001 -21"><span class='ocrx_word' id='word_1_107' title='bbox 158 1312 233 1365; x_wconf 82' lang='lat' dir='ltr'><strong>tis</strong></span> <span class='ocrx_word' id='word_1_108' title='bbox 272 1329 331 1364; x_wconf 90' lang='lat' dir='ltr'><strong>se</strong></span> <span class='ocrx_word' id='word_1_109' title='bbox 372 1310 619 1381; x_wconf 85' lang='lat' dir='ltr'><strong>Oedipus</strong></span> <span class='ocrx_word' id='word_1_110' title='bbox 662 1311 818 1363; x_wconf 88' lang='lat' dir='ltr'><strong>urbis</strong></span> <span class='ocrx_word' id='word_1_111' title='bbox 857 1312 1022 1363; x_wconf 87' lang='lat' dir='ltr'><strong>simul</strong></span> <span class='ocrx_word' id='word_1_112' title='bbox 1061 1309 1350 1381; x_wconf 77' lang='lat' dir='ltr'><strong>divini&#39;que</strong></span> <span class='ocrx_word' id='word_1_113' title='bbox 1388 1311 1602 1364; x_wconf 88' lang='lat' dir='ltr'><strong>oraculi</strong></span> <span class='ocrx_word' id='word_1_114' title='bbox 1640 1307 1923 1362; x_wconf 70' lang='lat' dir='ltr'><strong>vindicem</strong></span> <span class='ocrx_word' id='word_1_115' title='bbox 1963 1309 2082 1364; x_wconf 82' lang='lat' dir='ltr'><strong>fore</strong></span> <span class='ocrx_word' id='word_1_116' title='bbox 2116 1311 2429 1385; x_wconf 84' lang='lat' dir='ltr'><strong>promittit,</strong></span> <span class='ocrx_word' id='word_1_117' title='bbox 2482 1321 2535 1367; x_wconf 91' lang='lat' dir='ltr'><strong>et</strong></span> <span class='ocrx_word' id='word_1_118' title='bbox 2581 1331 2722 1386; x_wconf 85' lang='lat' dir='ltr'><strong>sup-</strong></span> 
     </span>
     <span class='ocr_line' id='line_1_14' title="bbox 158 1401 2719 1481; baseline 0.002 -24"><span class='ocrx_word' id='word_1_119' title='bbox 158 1404 402 1477; x_wconf 85' lang='lat' dir='ltr'><strong>plicibus</strong></span> <span class='ocrx_word' id='word_1_120' title='bbox 440 1403 592 1455; x_wconf 89' lang='lat' dir='ltr'><strong>abire</strong></span> <span class='ocrx_word' id='word_1_121' title='bbox 630 1403 792 1475; x_wconf 85' lang='lat' dir='ltr'><strong>jussis</strong></span> <span class='ocrx_word' id='word_1_122' title='bbox 829 1421 1087 1474; x_wconf 82' lang='lat' dir='ltr'><strong>proceres</strong></span> <span class='ocrx_word' id='word_1_123' title='bbox 1123 1401 1410 1471; x_wconf 83' lang='lat' dir='ltr'><strong>Thebanos</strong></span> <span class='ocrx_word' id='word_1_124' title='bbox 1449 1405 1687 1462; x_wconf 85' lang='lat' dir='ltr'><strong>arcessit.</strong></span> <span class='ocrx_word' id='word_1_125' title='bbox 1742 1405 1885 1457; x_wconf 91' lang='lat' dir='ltr'><strong>Tum</strong></span> <span class='ocrx_word' id='word_1_126' title='bbox 1925 1401 2164 1462; x_wconf 75' lang='lat' dir='ltr'><strong>Chorus</strong></span> <span class='ocrx_word' id='word_1_127' title='bbox 2190 1405 2413 1480; x_wconf 77' lang='lat' dir='ltr'>(15s—</span> <span class='ocrx_word' id='word_1_128' title='bbox 2427 1410 2579 1478; x_wconf 81' lang='grc'><strong>215),</strong></span> <span class='ocrx_word' id='word_1_129' title='bbox 2619 1411 2719 1481; x_wconf 89' lang='lat' dir='ltr'><strong>qui</strong></span> 
     </span>
     <span class='ocr_line' id='line_1_15' title="bbox 157 1497 2720 1573; baseline 0.001 -20"><span class='ocrx_word' id='word_1_130' title='bbox 157 1498 494 1573; x_wconf 84' lang='lat' dir='ltr'><strong>proceribus</strong></span> <span class='ocrx_word' id='word_1_131' title='bbox 532 1497 646 1551; x_wconf 89' lang='lat' dir='ltr'><strong>illis</strong></span> <span class='ocrx_word' id='word_1_132' title='bbox 684 1507 898 1551; x_wconf 86' lang='lat' dir='ltr'><strong>constat</strong></span> <span class='ocrx_word' id='word_1_133' title='bbox 937 1499 1031 1569; x_wconf 84' lang='lat'><strong>2),</strong></span> <span class='ocrx_word' id='word_1_134' title='bbox 1084 1499 1147 1551; x_wconf 89' lang='lat' dir='ltr'><strong>in</strong></span> <span class='ocrx_word' id='word_1_135' title='bbox 1189 1518 1408 1552; x_wconf 87' lang='lat' dir='ltr'><strong>scenam</strong></span> <span class='ocrx_word' id='word_1_136' title='bbox 1444 1498 1725 1570; x_wconf 89' lang='lat' dir='ltr'><strong>ingressus</strong></span> <span class='ocrx_word' id='word_1_137' title='bbox 1773 1497 2136 1552; x_wconf 83' lang='lat' dir='ltr'><strong>intervallum</strong></span> <span class='ocrx_word' id='word_1_138' title='bbox 2189 1499 2339 1553; x_wconf 88' lang='lat' dir='ltr'><strong>inter</strong></span> <span class='ocrx_word' id='word_1_139' title='bbox 2388 1501 2626 1573; x_wconf 85' lang='lat' dir='ltr'><strong>primam</strong></span> <span class='ocrx_word' id='word_1_140' title='bbox 2665 1513 2720 1558; x_wconf 89' lang='lat' dir='ltr'><strong>et</strong></span> 
     </span>
     <span class='ocr_line' id='line_1_16' title="bbox 163 1586 2741 1672; baseline 0.003 -27"><span class='ocrx_word' id='word_1_141' title='bbox 163 1593 396 1646; x_wconf 80' lang='lat' dir='ltr'><strong>alteram</strong></span> <span class='ocrx_word' id='word_1_142' title='bbox 440 1590 658 1644; x_wconf 86' lang='lat' dir='ltr'><strong>fabulae</strong></span> <span class='ocrx_word' id='word_1_143' title='bbox 694 1604 908 1662; x_wconf 85' lang='lat' dir='ltr'><strong>partem</strong></span> <span class='ocrx_word' id='word_1_144' title='bbox 944 1601 1112 1646; x_wconf 79' lang='lat' dir='ltr'><strong>cantu</strong></span> <span class='ocrx_word' id='word_1_145' title='bbox 1150 1595 1354 1667; x_wconf 85' lang='lat' dir='ltr'><strong>explet.</strong></span> <span class='ocrx_word' id='word_1_146' title='bbox 1433 1595 1795 1649; x_wconf 85' lang='lat' dir='ltr'><strong>Percontatus</strong></span> <span class='ocrx_word' id='word_1_147' title='bbox 1839 1593 2004 1664; x_wconf 85' lang='lat' dir='ltr'><strong>quale</strong></span> <span class='ocrx_word' id='word_1_148' title='bbox 2043 1594 2339 1650; x_wconf 84' lang='lat' dir='ltr'><strong>oraculum</strong></span> <span class='ocrx_word' id='word_1_149' title='bbox 2378 1586 2592 1653; x_wconf 85' lang='lat' dir='ltr'><strong>editum</strong></span> <span class='ocrx_word' id='word_1_150' title='bbox 2626 1598 2741 1672; x_wconf 84' lang='lat' dir='ltr'><strong>sit,-</strong></span> 
     </span>
     <span class='ocr_line' id='line_1_17' title="bbox 159 1684 2718 1764; baseline 0.001 -19"><span class='ocrx_word' id='word_1_151' title='bbox 159 1684 258 1761; x_wconf 89' lang='lat'><strong>(—-</strong></span> <span class='ocrx_word' id='word_1_152' title='bbox 286 1688 419 1758; x_wconf 87' lang='lat'>158)</span> <span class='ocrx_word' id='word_1_153' title='bbox 457 1687 786 1756; x_wconf 76' lang='lat' dir='ltr'><strong>Minervam,</strong></span> <span class='ocrx_word' id='word_1_154' title='bbox 824 1688 1076 1742; x_wconf 89' lang='lat' dir='ltr'><strong>Artemin</strong></span> <span class='ocrx_word' id='word_1_155' title='bbox 1105 1697 1161 1742; x_wconf 91' lang='lat' dir='ltr'><strong>et</strong></span> <span class='ocrx_word' id='word_1_156' title='bbox 1189 1690 1506 1762; x_wconf 89' lang='lat' dir='ltr'><strong>Apollinem</strong></span> <span class='ocrx_word' id='word_1_157' title='bbox 1542 1689 1787 1755; x_wconf 86' lang='lat' dir='ltr'><strong>invocat,</strong></span> <span class='ocrx_word' id='word_1_158' title='bbox 1833 1697 1900 1742; x_wconf 92' lang='lat' dir='ltr'><strong>ut</strong></span> <span class='ocrx_word' id='word_1_159' title='bbox 1923 1688 1972 1740; x_wconf 92' lang='lat' dir='ltr'><strong>si</strong></span> <span class='ocrx_word' id='word_1_160' title='bbox 2011 1706 2277 1759; x_wconf 81' lang='lat' dir='ltr'><strong>unquam,</strong></span> <span class='ocrx_word' id='word_1_161' title='bbox 2317 1709 2470 1745; x_wconf 87' lang='lat' dir='ltr'><strong>nunc</strong></span> <span class='ocrx_word' id='word_1_162' title='bbox 2496 1711 2718 1764; x_wconf 80' lang='lat' dir='ltr'><strong>quoque</strong></span> 
     </span>
     <span class='ocr_line' id='line_1_18' title="bbox 156 1783 2719 1856; baseline 0.002 -20"><span class='ocrx_word' id='word_1_163' title='bbox 156 1793 470 1854; x_wconf 86' lang='lat' dir='ltr'><strong>praesentes</strong></span> <span class='ocrx_word' id='word_1_164' title='bbox 509 1803 670 1856; x_wconf 85' lang='lat' dir='ltr'><strong>opem</strong></span> <span class='ocrx_word' id='word_1_165' title='bbox 712 1785 895 1839; x_wconf 87' lang='lat' dir='ltr'><strong>ferant</strong></span> <span class='ocrx_word' id='word_1_166' title='bbox 931 1787 1021 1854; x_wconf 92' lang='lat'><strong>(—</strong></span> <span class='ocrx_word' id='word_1_167' title='bbox 1052 1785 1214 1853; x_wconf 86' lang='lat'>166);</span> <span class='ocrx_word' id='word_1_168' title='bbox 1249 1786 1407 1855; x_wconf 86' lang='lat' dir='ltr'><strong>gravi</strong></span> <span class='ocrx_word' id='word_1_169' title='bbox 1446 1785 1594 1838; x_wconf 89' lang='lat' dir='ltr'><strong>enim</strong></span> <span class='ocrx_word' id='word_1_170' title='bbox 1631 1785 1826 1837; x_wconf 90' lang='lat' dir='ltr'><strong>morbo</strong></span> <span class='ocrx_word' id='word_1_171' title='bbox 1865 1784 2063 1837; x_wconf 89' lang='lat' dir='ltr'><strong>urbem</strong></span> <span class='ocrx_word' id='word_1_172' title='bbox 2102 1783 2357 1838; x_wconf 86' lang='lat' dir='ltr'><strong>laborare</strong></span> <span class='ocrx_word' id='word_1_173' title='bbox 2386 1794 2553 1856; x_wconf 84' lang='lat' dir='ltr'><strong>atque</strong></span> <span class='ocrx_word' id='word_1_174' title='bbox 2581 1805 2719 1840; x_wconf 90' lang='lat' dir='ltr'><strong>con-</strong></span> 
     </span>
     <span class='ocr_line' id='line_1_19' title="bbox 155 1867 2719 1952; baseline 0.001 -22"><span class='ocrx_word' id='word_1_175' title='bbox 155 1878 250 1931; x_wconf 86' lang='lat' dir='ltr'><strong>fici</strong></span> <span class='ocrx_word' id='word_1_176' title='bbox 291 1877 389 1951; x_wconf 92' lang='lat'><strong>(—-</strong></span> <span class='ocrx_word' id='word_1_177' title='bbox 430 1881 595 1948; x_wconf 87' lang='lat'><strong>178)·</strong></span> <span class='ocrx_word' id='word_1_178' title='bbox 581 1919 597 1947; x_wconf 89' lang='lat'><strong>,</strong></span> <span class='ocrx_word' id='word_1_179' title='bbox 640 1899 804 1950; x_wconf 90' lang='lat' dir='ltr'><strong>quem</strong></span> <span class='ocrx_word' id='word_1_180' title='bbox 843 1889 910 1934; x_wconf 89' lang='lat' dir='ltr'><strong>ut</strong></span> <span class='ocrx_word' id='word_1_181' title='bbox 947 1881 1220 1952; x_wconf 87' lang='lat' dir='ltr'><strong>depellere</strong></span> <span class='ocrx_word' id='word_1_182' title='bbox 1257 1879 1469 1948; x_wconf 73' lang='lat' dir='ltr'><strong>velint,</strong></span> <span class='ocrx_word' id='word_1_183' title='bbox 1507 1900 1541 1933; x_wconf 84' lang='lat' dir='ltr'><strong>a</strong></span> <span class='ocrx_word' id='word_1_184' title='bbox 1577 1867 1862 1949; x_wconf 85' lang='lat' dir='ltr'><strong>Minerva,</strong></span> <span class='ocrx_word' id='word_1_185' title='bbox 1902 1880 2071 1947; x_wconf 85' lang='lat' dir='ltr'><strong>Jove,</strong></span> <span class='ocrx_word' id='word_1_186' title='bbox 2108 1877 2396 1952; x_wconf 82' lang='lat' dir='ltr'><strong>Apolline,</strong></span> <span class='ocrx_word' id='word_1_187' title='bbox 2434 1877 2719 1936; x_wconf 81' lang='lat' dir='ltr'><strong>Artemide</strong></span> 
     </span>
     <span class='ocr_line' id='line_1_20' title="bbox 158 1970 1184 2044; baseline 0.006 -20"><span class='ocrx_word' id='word_1_188' title='bbox 158 1978 213 2024; x_wconf 88' lang='lat' dir='ltr'><strong>et</strong></span> <span class='ocrx_word' id='word_1_189' title='bbox 247 1970 466 2037; x_wconf 86' lang='lat' dir='ltr'><strong>Baccho</strong></span> <span class='ocrx_word' id='word_1_190' title='bbox 509 1972 673 2025; x_wconf 86' lang='lat' dir='ltr'><strong>enixe</strong></span> <span class='ocrx_word' id='word_1_191' title='bbox 716 1972 859 2044; x_wconf 87' lang='lat' dir='ltr'><strong>petit</strong></span> <span class='ocrx_word' id='word_1_192' title='bbox 895 1972 995 2043; x_wconf 88' lang='lat'>(-·-</span> <span class='ocrx_word' id='word_1_193' title='bbox 1033 1974 1184 2042; x_wconf 86' lang='lat'>215).</span> 
     </span>
    </p>

    <p class='ocr_par' dir='ltr' id='par_1_6' title="bbox 156 2020 2716 2517">
     <span class='ocr_line' id='line_1_21' title="bbox 310 2020 2716 2172; baseline 0.002 -53"><span class='ocrx_word' id='word_1_194' title='bbox 310 2068 449 2119; x_wconf 78' lang='lat' dir='ltr'><strong>Pars</strong></span> <span class='ocrx_word' id='word_1_195' title='bbox 485 2066 554 2124; x_wconf 88' lang='lat'><strong>11.</strong></span> <span class='ocrx_word' id='word_1_196' title='bbox 641 2063 919 2122; x_wconf 78' lang='lat' dir='ltr'><strong>Tiresias</strong></span> <span class='ocrx_word' id='word_1_197' title='bbox 954 2076 1140 2122; x_wconf 77' lang='lat' dir='ltr'><strong>vates</strong></span> <span class='ocrx_word' id='word_1_198' title='bbox 1181 2066 1508 2124; x_wconf 80' lang='lat' dir='ltr'><strong>oraculum</strong></span> <span class='ocrx_word' id='word_1_199' title='bbox 1528 2020 1854 2144; x_wconf 81' lang='lat' dir='ltr'><strong>Apollinis</strong></span> <span class='ocrx_word' id='word_1_200' title='bbox 1891 2062 1969 2122; x_wconf 83' lang='lat' dir='ltr'><strong>de</strong></span> <span class='ocrx_word' id='word_1_201' title='bbox 2002 2061 2243 2141; x_wconf 80' lang='lat' dir='ltr'><strong>Oedipo</strong></span> <span class='ocrx_word' id='word_1_202' title='bbox 2272 2063 2716 2172; x_wconf 33' lang='lat' dir='ltr'><strong>‘accipiendum</strong></span> 
     </span>
     <span class='ocr_line' id='line_1_22' title="bbox 156 2153 2713 2236; baseline 0.002 -20"><span class='ocrx_word' id='word_1_203' title='bbox 156 2176 288 2216; x_wconf 71' lang='lat' dir='ltr'><strong>esse</strong></span> <span class='ocrx_word' id='word_1_204' title='bbox 318 2153 477 2214; x_wconf 81' lang='lat' dir='ltr'><strong>dicit</strong></span> <span class='ocrx_word' id='word_1_205' title='bbox 497 2158 849 2219; x_wconf 80' lang='lat'><strong>216-463,</strong></span> <span class='ocrx_word' id='word_1_206' title='bbox 903 2161 1096 2228; x_wconf 82' lang='lat' dir='ltr'><strong>Quum</strong></span> <span class='ocrx_word' id='word_1_207' title='bbox 1133 2162 1255 2236; x_wconf 81' lang='lat' dir='ltr'><strong>Laji</strong></span> <span class='ocrx_word' id='word_1_208' title='bbox 1295 2164 1593 2218; x_wconf 87' lang='lat' dir='ltr'><strong>occisorem</strong></span> <span class='ocrx_word' id='word_1_209' title='bbox 1628 2159 1995 2235; x_wconf 74' lang='lat' dir='ltr'><strong>Puniendum,</strong></span> <span class='ocrx_word' id='word_1_210' title='bbox 2034 2179 2151 2214; x_wconf 88' lang='lat' dir='ltr'><strong>non</strong></span> <span class='ocrx_word' id='word_1_211' title='bbox 2191 2161 2315 2231; x_wconf 85' lang='lat' dir='ltr'><strong>quis</strong></span> <span class='ocrx_word' id='word_1_212' title='bbox 2352 2162 2443 2229; x_wconf 90' lang='lat' dir='ltr'><strong>sit,</strong></span> <span class='ocrx_word' id='word_1_213' title='bbox 2483 2163 2713 2220; x_wconf 80' lang='lat' dir='ltr'><strong>oraculo</strong></span> 
     </span>
     <span class='ocr_line' id='line_1_23' title="bbox 157 2251 2715 2327; baseline 0 -19"><span class='ocrx_word' id='word_1_214' title='bbox 157 2254 518 2327; x_wconf 81' lang='lat' dir='ltr'><strong>significetur,</strong></span> <span class='ocrx_word' id='word_1_215' title='bbox 558 2265 613 2311; x_wconf 90' lang='lat' dir='ltr'><strong>et</strong></span> <span class='ocrx_word' id='word_1_216' title='bbox 651 2257 723 2310; x_wconf 91' lang='lat' dir='ltr'><strong>ad</strong></span> <span class='ocrx_word' id='word_1_217' title='bbox 759 2269 887 2311; x_wconf 84' lang='lat' dir='ltr'><strong>eum</strong></span> <span class='ocrx_word' id='word_1_218' title='bbox 924 2257 1324 2313; x_wconf 85' lang='lat' dir='ltr'><strong>inveniendum</strong></span> <span class='ocrx_word' id='word_1_219' title='bbox 1360 2277 1478 2311; x_wconf 89' lang='lat' dir='ltr'><strong>non</strong></span> <span class='ocrx_word' id='word_1_220' title='bbox 1517 2257 1797 2312; x_wconf 81' lang='lat' dir='ltr'><strong>sufficiant</strong></span> <span class='ocrx_word' id='word_1_221' title='bbox 1838 2274 1916 2322; x_wconf 84' lang='lat' dir='ltr'><strong>ea,</strong></span> <span class='ocrx_word' id='word_1_222' title='bbox 1957 2273 2099 2325; x_wconf 81' lang='lat' dir='ltr'><strong>quae</strong></span> <span class='ocrx_word' id='word_1_223' title='bbox 2126 2254 2196 2308; x_wconf 91' lang='lat' dir='ltr'><strong>de</strong></span> <span class='ocrx_word' id='word_1_224' title='bbox 2226 2251 2345 2325; x_wconf 89' lang='lat' dir='ltr'><strong>Laji</strong></span> <span class='ocrx_word' id='word_1_225' title='bbox 2384 2254 2548 2312; x_wconf 88' lang='lat' dir='ltr'><strong>caede</strong></span> <span class='ocrx_word' id='word_1_226' title='bbox 2576 2275 2715 2310; x_wconf 88' lang='lat' dir='ltr'><strong>con-</strong></span> 
     </span>
     <span class='ocr_line' id='line_1_24' title="bbox 157 2348 2715 2424; baseline 0.002 -22"><span class='ocrx_word' id='word_1_227' title='bbox 157 2356 339 2418; x_wconf 87' lang='lat' dir='ltr'><strong>stant,</strong></span> <span class='ocrx_word' id='word_1_228' title='bbox 377 2366 593 2403; x_wconf 89' lang='lat' dir='ltr'><strong>necesse</strong></span> <span class='ocrx_word' id='word_1_229' title='bbox 632 2358 739 2417; x_wconf 91' lang='lat' dir='ltr'><strong>est,</strong></span> <span class='ocrx_word' id='word_1_230' title='bbox 778 2357 875 2418; x_wconf 88' lang='lat' dir='ltr'><strong>ut,</strong></span> <span class='ocrx_word' id='word_1_231' title='bbox 917 2351 1014 2422; x_wconf 89' lang='lat' dir='ltr'><strong>qui</strong></span> <span class='ocrx_word' id='word_1_232' title='bbox 1051 2350 1155 2405; x_wconf 86' lang='lat' dir='ltr'><strong>hac</strong></span> <span class='ocrx_word' id='word_1_233' title='bbox 1194 2351 1262 2406; x_wconf 90' lang='lat' dir='ltr'><strong>de</strong></span> <span class='ocrx_word' id='word_1_234' title='bbox 1296 2372 1360 2406; x_wconf 89' lang='lat' dir='ltr'><strong>re</strong></span> <span class='ocrx_word' id='word_1_235' title='bbox 1401 2352 1620 2424; x_wconf 83' lang='lat' dir='ltr'><strong>aliquid</strong></span> <span class='ocrx_word' id='word_1_236' title='bbox 1656 2351 1850 2418; x_wconf 81' lang='lat' dir='ltr'><strong>sciant,</strong></span> <span class='ocrx_word' id='word_1_237' title='bbox 1893 2356 2200 2404; x_wconf 84' lang='lat' dir='ltr'><strong>evocentur</strong></span> <span class='ocrx_word' id='word_1_238' title='bbox 2237 2357 2294 2403; x_wconf 90' lang='lat' dir='ltr'><strong>et</strong></span> <span class='ocrx_word' id='word_1_239' title='bbox 2329 2348 2549 2403; x_wconf 86' lang='lat' dir='ltr'><strong>oraculi</strong></span> <span class='ocrx_word' id='word_1_240' title='bbox 2585 2368 2715 2406; x_wconf 76' lang='lat' dir='ltr'><strong>sen-</strong></span> 
     </span>
     <span class='ocr_line' id='line_1_25' title="bbox 156 2442 2533 2517; baseline 0 -20"><span class='ocrx_word' id='word_1_241' title='bbox 156 2461 251 2497; x_wconf 77' lang='lat' dir='ltr'><strong>sus</strong></span> <span class='ocrx_word' id='word_1_242' title='bbox 294 2442 587 2500; x_wconf 73' lang='lat' dir='ltr'><strong>obscurior</strong></span> <span class='ocrx_word' id='word_1_243' title='bbox 623 2464 656 2497; x_wconf 86' lang='lat' dir='ltr'><strong>a</strong></span> <span class='ocrx_word' id='word_1_244' title='bbox 692 2454 817 2499; x_wconf 79' lang='lat' dir='ltr'><strong>vate</strong></span> <span class='ocrx_word' id='word_1_245' title='bbox 856 2447 1159 2517; x_wconf 78' lang='lat' dir='ltr'><strong>aperiatur.</strong></span> <span class='ocrx_word' id='word_1_246' title='bbox 1234 2448 1374 2501; x_wconf 90' lang='lat' dir='ltr'><strong>Inde</strong></span> <span class='ocrx_word' id='word_1_247' title='bbox 1413 2448 1681 2501; x_wconf 88' lang='lat' dir='ltr'><strong>oriuntur</strong></span> <span class='ocrx_word' id='word_1_248' title='bbox 1720 2446 1988 2513; x_wconf 84' lang='lat' dir='ltr'><strong>actiones,</strong></span> <span class='ocrx_word' id='word_1_249' title='bbox 2027 2464 2166 2515; x_wconf 85' lang='lat' dir='ltr'><strong>quae</strong></span> <span class='ocrx_word' id='word_1_250' title='bbox 2202 2451 2533 2514; x_wconf 85' lang='lat' dir='ltr'><strong>sequuntur,</strong></span> 
     </span>
    </p>

    <p class='ocr_par' dir='ltr' id='par_1_7' title="bbox 154 2531 2714 3255">
     <span class='ocr_line' id='line_1_26' title="bbox 313 2531 2711 2614; baseline 0.001 -22"><span class='ocrx_word' id='word_1_251' title='bbox 313 2534 371 2611; x_wconf 90' lang='lat'><strong>1)</strong></span> <span class='ocrx_word' id='word_1_252' title='bbox 417 2531 694 2613; x_wconf 78' lang='lat' dir='ltr'><strong>Oedipus</strong></span> <span class='ocrx_word' id='word_1_253' title='bbox 734 2545 795 2593; x_wconf 82' lang='lat' dir='ltr'><strong>et</strong></span> <span class='ocrx_word' id='word_1_254' title='bbox 838 2532 1074 2596; x_wconf 77' lang='lat' dir='ltr'><strong>Chorus</strong></span> <span class='ocrx_word' id='word_1_255' title='bbox 1114 2538 1539 2611; x_wconf 80' lang='lat' dir='ltr'><strong>consentiunt,</strong></span> <span class='ocrx_word' id='word_1_256' title='bbox 1598 2537 1924 2597; x_wconf 79' lang='lat' dir='ltr'><strong>oraculum</strong></span> <span class='ocrx_word' id='word_1_257' title='bbox 1966 2556 2007 2593; x_wconf 84' lang='lat' dir='ltr'><em>a</em></span> <span class='ocrx_word' id='word_1_258' title='bbox 2056 2547 2210 2593; x_wconf 82' lang='lat' dir='ltr'><strong>vate</strong></span> <span class='ocrx_word' id='word_1_259' title='bbox 2247 2535 2558 2614; x_wconf 79' lang='lat' dir='ltr'><strong>explicari</strong></span> <span class='ocrx_word' id='word_1_260' title='bbox 2597 2536 2711 2595; x_wconf 82' lang='lat' dir='ltr'><strong>de-</strong></span> 
     </span>
     <span class='ocr_line' id='line_1_27' title="bbox 158 2624 2714 2708; baseline 0.001 -21"><span class='ocrx_word' id='word_1_261' title='bbox 158 2626 300 2689; x_wconf 79' lang='lat' dir='ltr'><strong>bere</strong></span> <span class='ocrx_word' id='word_1_262' title='bbox 337 2661 407 2673; x_wconf 90' lang='lat'><strong>-·</strong></span> <span class='ocrx_word' id='word_1_263' title='bbox 449 2632 580 2690; x_wconf 84' lang='lat'>299.</span> <span class='ocrx_word' id='word_1_264' title='bbox 660 2632 907 2705; x_wconf 89' lang='lat' dir='ltr'><strong>Oedipus</strong></span> <span class='ocrx_word' id='word_1_265' title='bbox 947 2633 1225 2705; x_wconf 89' lang='lat' dir='ltr'><strong>Chorum,</strong></span> <span class='ocrx_word' id='word_1_266' title='bbox 1277 2636 1375 2707; x_wconf 84' lang='lat' dir='ltr'><strong>qui</strong></span> <span class='ocrx_word' id='word_1_267' title='bbox 1419 2644 1606 2708; x_wconf 85' lang='lat' dir='ltr'><strong>partes</strong></span> <span class='ocrx_word' id='word_1_268' title='bbox 1645 2624 1859 2707; x_wconf 23' lang='lat' dir='ltr'><strong>*populi</strong></span> <span class='ocrx_word' id='word_1_269' title='bbox 1896 2632 2042 2701; x_wconf 87' lang='lat' dir='ltr'><strong>agit,</strong></span> <span class='ocrx_word' id='word_1_270' title='bbox 2099 2648 2241 2701; x_wconf 79' lang='lat' dir='ltr'><strong>quae</strong></span> <span class='ocrx_word' id='word_1_271' title='bbox 2278 2631 2349 2684; x_wconf 80' lang='lat' dir='ltr'><strong>de</strong></span> <span class='ocrx_word' id='word_1_272' title='bbox 2390 2632 2511 2706; x_wconf 72' lang='lat' dir='ltr'><strong>Laji</strong></span> <span class='ocrx_word' id='word_1_273' title='bbox 2549 2634 2714 2692; x_wconf 80' lang='lat' dir='ltr'><strong>caede</strong></span> 
     </span>
     <span class='ocr_line' id='line_1_28' title="bbox 157 2722 2711 2800; baseline 0.002 -21"><span class='ocrx_word' id='word_1_274' title='bbox 157 2732 444 2797; x_wconf 83' lang='lat' dir='ltr'><strong>comperta</strong></span> <span class='ocrx_word' id='word_1_275' title='bbox 481 2722 709 2793; x_wconf 82' lang='lat' dir='ltr'><strong>habeat,</strong></span> <span class='ocrx_word' id='word_1_276' title='bbox 762 2727 1016 2797; x_wconf 83' lang='lat' dir='ltr'><strong>proferre</strong></span> <span class='ocrx_word' id='word_1_277' title='bbox 1054 2726 1236 2800; x_wconf 88' lang='lat' dir='ltr'><strong>jubet,</strong></span> <span class='ocrx_word' id='word_1_278' title='bbox 1287 2740 1343 2785; x_wconf 87' lang='lat' dir='ltr'><strong>et</strong></span> <span class='ocrx_word' id='word_1_279' title='bbox 1381 2732 1576 2784; x_wconf 84' lang='lat' dir='ltr'><strong>acerba</strong></span> <span class='ocrx_word' id='word_1_280' title='bbox 1615 2725 1949 2783; x_wconf 86' lang='lat' dir='ltr'><strong>occultatori</strong></span> <span class='ocrx_word' id='word_1_281' title='bbox 1996 2726 2440 2797; x_wconf 84' lang='lat' dir='ltr'><strong>receptatorique</strong></span> <span class='ocrx_word' id='word_1_282' title='bbox 2491 2727 2711 2783; x_wconf 80' lang='lat' dir='ltr'><strong>sceleris</strong></span> 
     </span>
     <span class='ocr_line' id='line_1_29' title="bbox 154 2816 2709 2897; baseline 0 -25"><span class='ocrx_word' id='word_1_283' title='bbox 154 2836 330 2890; x_wconf 85' lang='lat' dir='ltr'><strong>poena</strong></span> <span class='ocrx_word' id='word_1_284' title='bbox 366 2816 675 2873; x_wconf 83' lang='lat' dir='ltr'><strong>constituta</strong></span> <span class='ocrx_word' id='word_1_285' title='bbox 724 2827 1013 2890; x_wconf 85' lang='lat' dir='ltr'><strong>precatur,</strong></span> <span class='ocrx_word' id='word_1_286' title='bbox 1062 2831 1130 2878; x_wconf 91' lang='lat' dir='ltr'><strong>ut</strong></span> <span class='ocrx_word' id='word_1_287' title='bbox 1162 2823 1445 2897; x_wconf 84' lang='lat' dir='ltr'><strong>parricida</strong></span> <span class='ocrx_word' id='word_1_288' title='bbox 1484 2823 1661 2877; x_wconf 84' lang='lat' dir='ltr'><strong>malus</strong></span> <span class='ocrx_word' id='word_1_289' title='bbox 1707 2819 1849 2873; x_wconf 88' lang='lat' dir='ltr'><strong>male</strong></span> <span class='ocrx_word' id='word_1_290' title='bbox 1903 2825 2111 2890; x_wconf 85' lang='lat' dir='ltr'><strong>pereat.</strong></span> <span class='ocrx_word' id='word_1_291' title='bbox 2188 2816 2407 2871; x_wconf 67' lang='lat' dir='ltr'><strong>Chorus</strong></span> <span class='ocrx_word' id='word_1_292' title='bbox 2451 2818 2709 2888; x_wconf 74' lang='lat' dir='ltr'><strong>affirmat,</strong></span> 
     </span>
     <span class='ocr_line' id='line_1_30' title="bbox 155 2911 2711 2989; baseline 0.002 -25"><span class='ocrx_word' id='word_1_293' title='bbox 155 2927 211 2964; x_wconf 87' lang='lat' dir='ltr'><strong>se</strong></span> <span class='ocrx_word' id='word_1_294' title='bbox 246 2929 351 2965; x_wconf 88' lang='grc'><strong>1188</strong></span> <span class='ocrx_word' id='word_1_295' title='bbox 389 2911 608 2966; x_wconf 87' lang='lat' dir='ltr'><strong>caedem</strong></span> <span class='ocrx_word' id='word_1_296' title='bbox 642 2922 1021 2984; x_wconf 87' lang='lat' dir='ltr'><strong>perpetrasse,</strong></span> <span class='ocrx_word' id='word_1_297' title='bbox 1061 2934 1165 2970; x_wconf 88' lang='lat' dir='ltr'><strong>nec</strong></span> <span class='ocrx_word' id='word_1_298' title='bbox 1203 2919 1500 2989; x_wconf 83' lang='lat' dir='ltr'><strong>quicquam</strong></span> <span class='ocrx_word' id='word_1_299' title='bbox 1537 2917 1643 2971; x_wconf 87' lang='lat' dir='ltr'><strong>hac</strong></span> <span class='ocrx_word' id='word_1_300' title='bbox 1687 2918 1756 2970; x_wconf 90' lang='lat' dir='ltr'><strong>de</strong></span> <span class='ocrx_word' id='word_1_301' title='bbox 1797 2933 1859 2968; x_wconf 90' lang='lat' dir='ltr'><strong>re</strong></span> <span class='ocrx_word' id='word_1_302' title='bbox 1893 2913 2065 2979; x_wconf 88' lang='lat' dir='ltr'><strong>scire,</strong></span> <span class='ocrx_word' id='word_1_303' title='bbox 2116 2912 2226 2965; x_wconf 83' lang='lat' dir='ltr'><strong>nisi</strong></span> <span class='ocrx_word' id='word_1_304' title='bbox 2279 2913 2436 2981; x_wconf 85' lang='lat' dir='ltr'><strong>quod</strong></span> <span class='ocrx_word' id='word_1_305' title='bbox 2471 2914 2637 2986; x_wconf 74' lang='lat' dir='ltr'><strong>Lnjus</strong></span> <span class='ocrx_word' id='word_1_306' title='bbox 2677 2933 2711 2968; x_wconf 75' lang='grc' dir='ltr'>ι</span> 
     </span>
     <span class='ocr_line' id='line_1_31' title="bbox 157 2986 2710 3081; baseline 0.003 -24"><span class='ocrx_word' id='word_1_307' title='bbox 157 2986 467 3060; x_wconf 63' lang='lat' dir='ltr'><strong>viatoribus</strong></span> <span class='ocrx_word' id='word_1_308' title='bbox 505 3006 838 3077; x_wconf 79' lang='lat' dir='ltr'><strong>quibusdem</strong></span> <span class='ocrx_word' id='word_1_309' title='bbox 874 3008 1198 3074; x_wconf 84' lang='lat' dir='ltr'><strong>interfectus</strong></span> <span class='ocrx_word' id='word_1_310' title='bbox 1236 3032 1345 3067; x_wconf 88' lang='lat' dir='ltr'><strong>esse</strong></span> <span class='ocrx_word' id='word_1_311' title='bbox 1384 3014 1645 3081; x_wconf 76' lang='lat' dir='ltr'><strong>dicatur-3</strong></span> <span class='ocrx_word' id='word_1_312' title='bbox 1685 3010 1915 3064; x_wconf 82' lang='lat' dir='ltr'><strong>suadere</strong></span> <span class='ocrx_word' id='word_1_313' title='bbox 1953 3024 2086 3059; x_wconf 79' lang='lat' dir='ltr'><strong>vero</strong></span> <span class='ocrx_word' id='word_1_314' title='bbox 2103 3043 2120 3072; x_wconf 90' lang='lat'>‚</span> <span class='ocrx_word' id='word_1_315' title='bbox 2160 3012 2228 3057; x_wconf 91' lang='lat' dir='ltr'><strong>ut</strong></span> <span class='ocrx_word' id='word_1_316' title='bbox 2265 3024 2406 3075; x_wconf 78' lang='lat' dir='ltr'><strong>quae</strong></span> <span class='ocrx_word' id='word_1_317' title='bbox 2443 3006 2580 3061; x_wconf 84' lang='lat' dir='ltr'><strong>deus</strong></span> <span class='ocrx_word' id='word_1_318' title='bbox 2615 3026 2710 3064; x_wconf 86' lang='lat' dir='ltr'><strong>ce-</strong></span> 
     </span>
     <span class='ocr_line' id='line_1_32' title="bbox 155 3092 2709 3180; baseline 0.004 -31"><span class='ocrx_word' id='word_1_319' title='bbox 155 3092 322 3163; x_wconf 81' lang='lat' dir='ltr'><strong>larit,</strong></span> <span class='ocrx_word' id='word_1_320' title='bbox 358 3115 394 3153; x_wconf 74' lang='lat' dir='ltr'><strong>a</strong></span> <span class='ocrx_word' id='word_1_321' title='bbox 428 3096 639 3152; x_wconf 78' lang='lat' dir='ltr'><strong>Tiresia</strong></span> <span class='ocrx_word' id='word_1_322' title='bbox 676 3107 804 3155; x_wconf 87' lang='lat' dir='ltr'><strong>vate</strong></span> <span class='ocrx_word' id='word_1_323' title='bbox 843 3101 1232 3173; x_wconf 79' lang='lat' dir='ltr'><strong>exquirantur.</strong></span> <span class='ocrx_word' id='word_1_324' title='bbox 1311 3106 1494 3175; x_wconf 82' lang='lat' dir='ltr'><strong>Quem</strong></span> <span class='ocrx_word' id='word_1_325' title='bbox 1535 3106 1781 3180; x_wconf 89' lang='lat' dir='ltr'><strong>Oedipus</strong></span> <span class='ocrx_word' id='word_1_326' title='bbox 1816 3102 1928 3176; x_wconf 81' lang='lat' dir='ltr'><strong>jam</strong></span> <span class='ocrx_word' id='word_1_327' title='bbox 1968 3097 2222 3154; x_wconf 65' lang='lat' dir='ltr'><strong>Creontis</strong></span> <span class='ocrx_word' id='word_1_328' title='bbox 2255 3097 2489 3156; x_wconf 71' lang='lat' dir='ltr'><strong>hortatu</strong></span> <span class='ocrx_word' id='word_1_329' title='bbox 2519 3119 2709 3159; x_wconf 66' lang='lat' dir='ltr'><strong>‘arces-</strong></span> 
     </span>
     <span class='ocr_line' id='line_1_33' title="bbox 158 3189 740 3255; baseline 0.002 -9"><span class='ocrx_word' id='word_1_330' title='bbox 158 3189 392 3246; x_wconf 76' lang='lat' dir='ltr'><strong>sendum</strong></span> <span class='ocrx_word' id='word_1_331' title='bbox 430 3201 740 3255; x_wconf 54' lang='lat' dir='ltr'><strong>curaverat.</strong></span> 
     </span>
    </p>

    <p class='ocr_par' dir='ltr' id='par_1_8' title="bbox 311 3278 2708 3375">
     <span class='ocr_line' id='line_1_34' title="bbox 311 3278 2708 3375; baseline 0.003 -34"><span class='ocrx_word' id='word_1_332' title='bbox 311 3282 401 3361; x_wconf 17' lang='lat'><strong>2),</strong></span> <span class='ocrx_word' id='word_1_333' title='bbox 418 3278 698 3341; x_wconf 83' lang='lat' dir='ltr'><strong>Tiresias</strong></span> <span class='ocrx_word' id='word_1_334' title='bbox 745 3283 1063 3354; x_wconf 71' lang='lat' dir='ltr'><strong>adductus</strong></span> <span class='ocrx_word' id='word_1_335' title='bbox 1112 3314 1327 3355; x_wconf 83' lang='lat' dir='ltr'><strong>coram</strong></span> <span class='ocrx_word' id='word_1_336' title='bbox 1374 3295 1616 3375; x_wconf 80' lang='lat' dir='ltr'><strong>Oedipo</strong></span> <span class='ocrx_word' id='word_1_337' title='bbox 1654 3302 1716 3352; x_wconf 78' lang='lat' dir='ltr'><strong>et</strong></span> <span class='ocrx_word' id='word_1_338' title='bbox 1761 3289 1961 3348; x_wconf 77' lang='lat' dir='ltr'><strong>Choro</strong></span> <span class='ocrx_word' id='word_1_339' title='bbox 2000 3284 2329 3345; x_wconf 78' lang='lat' dir='ltr'><strong>oraculum</strong></span> <span class='ocrx_word' id='word_1_340' title='bbox 2368 3285 2467 3346; x_wconf 80' lang='lat' dir='ltr'><strong>ita</strong></span> <span class='ocrx_word' id='word_1_341' title='bbox 2504 3286 2708 3349; x_wconf 68' lang='lat' dir='ltr'><strong>inter-</strong></span> 
     </span>
    </p>
   </div>
   <div class='ocr_carea' id='block_1_6' title="bbox 182 3465 2708 3614">
    <p class='ocr_par' dir='ltr' id='par_1_9' title="bbox 182 3465 2708 3614">
     <span class='ocr_line' id='line_1_35' title="bbox 182 3465 2708 3614; baseline 0.006 -79"><span class='ocrx_word' id='word_1_342' title='bbox 182 3465 185 3468; x_wconf 17' lang='lat'>*</span> <span class='ocrx_word' id='word_1_343' title='bbox 224 3480 266 3546; x_wconf 85' lang='grc' dir='ltr'><strong>ι)</strong></span> <span class='ocrx_word' id='word_1_344' title='bbox 300 3486 370 3537; x_wconf 76' lang='lat' dir='ltr'><strong>ef.</strong></span> <span class='ocrx_word' id='word_1_345' title='bbox 395 3476 603 3540; x_wconf 58' lang='lat' dir='ltr'><strong>&#39;Wunffl</strong></span> <span class='ocrx_word' id='word_1_346' title='bbox 621 3474 853 3545; x_wconf 50' lang='lat' dir='ltr'><strong>edssOed.</strong></span> <span class='ocrx_word' id='word_1_347' title='bbox 885 3497 951 3547; x_wconf 78' lang='lat' dir='ltr'><strong>R..</strong></span> <span class='ocrx_word' id='word_1_348' title='bbox 989 3495 1108 3552; x_wconf 69' lang='lat'><strong>122.</strong></span> <span class='ocrx_word' id='word_1_349' title='bbox 1154 3500 1201 3564; x_wconf 85' lang='lat'><strong>²)</strong></span> <span class='ocrx_word' id='word_1_350' title='bbox 1234 3505 1301 3556; x_wconf 81' lang='lat' dir='ltr'><strong>cf.</strong></span> <span class='ocrx_word' id='word_1_351' title='bbox 1331 3492 1593 3570; x_wconf 75' lang='lat' dir='ltr'><strong>Mus&#39;grav.</strong></span> <span class='ocrx_word' id='word_1_352' title='bbox 1627 3500 1694 3551; x_wconf 72' lang='lat' dir='ltr'><strong>ad</strong></span> <span class='ocrx_word' id='word_1_353' title='bbox 1720 3499 1852 3549; x_wconf 69' lang='lat' dir='ltr'><strong>Oea.</strong></span> <span class='ocrx_word' id='word_1_354' title='bbox 1883 3496 1951 3546; x_wconf 76' lang='lat' dir='ltr'><strong>R.</strong></span> <span class='ocrx_word' id='word_1_355' title='bbox 1981 3494 2088 3548; x_wconf 74' lang='lat'><strong>14²</strong></span> <span class='ocrx_word' id='word_1_356' title='bbox 2113 3493 2170 3614; x_wconf 58' lang='grc' dir='ltr'><em>ἰὲ</em></span> <span class='ocrx_word' id='word_1_357' title='bbox 2200 3488 2604 3571; x_wconf 49' lang='grc' dir='ltr'><strong>ωήἂῇι</strong></span> <span class='ocrx_word' id='word_1_358' title='bbox 2616 3494 2708 3549; x_wconf 66' lang='lat'><strong>80.</strong></span> 
     </span>
    </p>
   </div>
  </div>
 </body>
</html>
